2242 3952
130 519 257 695 Haec
273 516 329 591 ubi
342 518 533 590 continuato
548 516 660 588 dolore
677 514 847 603 declaravi,
877 517 936 591 illa
949 518 1025 593 vultu
1050 474 1070 621 l

234 619 380 717 placido,
397 610 550 713 'nihilque
559 621 638 688 meis
649 615 811 714 quellibus
823 642 937 690 mota:
955 628 1025 693 Curi
1059 650 1070 723 q

44 746 47 753 ·
94 750 98 755 ·
129 744 180 807 re,
202 724 331 817 inquit,
357 716 536 803 moestum,
560 720 856 815 lacrymantemque
881 720 1025 815 vidissent¹
1065 775 1070 819 4

93 860 96 867 ·
127 822 213 893 illico
234 816 410 905 nril'crum,
434 822 625 915 caulemque
644 824 796 911 cognovi.
850 824 921 893 Sed
944 848 1027 921 quau
1055 836 1070 921 '1

127 921 162 992 id
181 923 399 1016 longinquum
419 916 494 989 ellet
517 921 663 1014 erilium,
686 917 744 993 nifi
769 943 822 989 tua
841 922 1027 1019 prodidisset
1068 984 1070 1001 .

126 1026 248 1106 oratio,
273 1014 459 1091 nesciebam.
509 1023 574 1090 Sed
605 1045 638 1091 tn
670 1024 784 1118 procul
804 1026 952 1120 ipatria
972 1048 1028 1097 nor
1061 1084 1065 1091 .

125 1123 259 1219 quidem
273 1115 380 1216 pulsus
395 1144 445 1207 es,
470 1116 523 1191 led
537 1120 699 1193 aberrasti.
749 1130 794 1193 At
809 1120 832 1193 si
850 1146 890 1194 te
911 1124 1029 1227 pullum

125 1220 295 1290 existimari
314 1223 430 1305 mavia,
454 1244 485 1291 te
505 1226 614 1323 potius
634 1219 699 1319 ipse
727 1216 896 1332 ¹pepulisti.
952 1236 1030 1299 Nun

125 1323 161 1392 id
168 1323 299 1423 quidem
314 1320 353 1391 de
366 1343 397 1390 te
407 1346 587 1418 numquam
600 1330 749 1419 cuiquam
764 1324 813 1392 ns
830 1322 957 1400 furffer.
1002 1330 1029 1399 Si

123 1424 214 1493 enlin
232 1422 322 1517 cujus
337 1422 494 1493 oriundus
508 1420 547 1494 fis
563 1427 682 1521 patriae
695 1418 937 1515 reminiscaris,
962 1454 1028 1511 non,

123 1527 172 1593 uti
189 1519 630 1618 Athenienfiumquondam,
655 1520 886 1597 multitudiuis
900 1534 1027 1629 imperio
1061 1618 1064 1623 Ι

123 1628 263 1714 regitur:
288 1621 388 1698 abaci
404 1622 447 1704 ric
462 1624 631 1712 βασιλεύς
646 1631 719 1716 ὲςιν,
734 1622 778 1706 εἷς
790 1636 956 1731 κοίρανος,
978 1631 1024 1725 qui

122 1719 306 1816 frequentia
320 1730 455 1808 civium,
479 1748 547 1794 nun
565 1723 750 1821 depullione
765 1720 924 1801 laetatur:
941 1732 1020 1823 cujus

122 1825 170 1913 agi
186 1817 308 1902 frema,
331 1845 426 1916 atque
446 1823 674 1921 obtemperare
688 1822 826 1922 justitiae
851 1824 962 1901 stimma
981 1830 1010 1895 li·

122 1919 224 1991 bertas
238 1919 290 1992 est.
341 1929 394 1992 An
408 1926 539 2016 ignoras
554 1926 638 1995 illam
649 1949 720 1995 tuae
733 1920 877 2001 civitatib
888 1921 1022 2025 antiquil·
1062 1988 1065 1995 .

121 2019 230 2092 simam
246 2022 359 2115 legem,
385 2048 447 2117 qua
461 2019 615 2096 sancitum
631 2024 684 2107 est,
711 2030 738 2094 ei
754 2028 806 2116 ¹lus
819 2032 954 2121 euulere
967 2053 1026 2099 nun

120 2122 192 2206 elle,
216 2125 454 2219 quisquislinea
466 2119 571 2193 sedem
585 2119 722 2192 fundare
737 2122 924 2221 maluerit?
949 2134 1027 2199 Nam

121 2227 176 2319 qui
204 2224 284 2292 vallo
316 2222 399 2314 ejus,
421 2246 456 2290 ac
481 2226 665 2292 munimine
686 2226 902 2311 continetur,
930 2231 1026 2300 nullut

114 2312 223 2392 ‘metus
239 2319 293 2401 est,
310 2345 350 2387 ne
365 2315 450 2387 exsul
463 2317 525 2391 elle
540 2344 709 2393 mereatur.
752 2332 805 2394 ·At
815 2322 979 2425 quisquis
989 2334 1026 2401 iu·

119 2421 261 2491 habitare
275 2415 573 2504 eamvelledefieru
586 2422 707 2516 pariter
718 2420 838 2493 delinit·
848 2432 956 2501 etiam
971 2455 1026 2501 me
1048 2501 1053 2514 ,

118 2525 194 2591 reri.
242 2525 356 2616 Itaque
372 2544 441 2590 non
462 2541 526 2592 ram
551 2545 604 2590 me
626 2521 689 2592 loci
712 2522 828 2620 hujus,'
844 2516 962 2625 ¹quam
984 2554 1025 2602 rur
1052 2604 1063 2615 ,

117 2618 215 2693 facies
228 2644 348 2696 movet.
399 2626 474 2693 Nec
490 2620 700 2693 bibliothecae
722 2626 1026 2731 potius',“compror
1054 2640 1060 2651 '

116 2722 233 2810 ebore,
254 2748 288 2794 ac
304 2727 390 2795 vitro
407 2727 555 2821 parietes,
582 2748 677 2820 qnam
692 2746 766 2795 tuae
783 2732 912 2801 mentis
926 2729 1026 2805 sedem
1054 2814 1058 2821 ,

116 2827 261 2921 requiro,
311 2830 349 2895 ln
374 2848 437 2918 qua
456 2849 524 2895 non
546 2824 664 2918 libros,
689 2821 915 2935 sedid'qu'bd
942 2834 1025 2909 libris

115 2930 256 3023 pretium
275 2920 367 3003 facit,
381 2923 539 2995 librorum
555 2928 721 3020 quondam
732 2942 885 2999 meorum
905 2928 1026 3006 senten·

116 3028 172 3095 tias
186 3024 352 3094 collocavi.
401 3028 444 3094 Et
459 3050 492 3096 tu
512 3028 644 3122 quidem
658 3029 699 3099 de
712 3031 775 3098 tuis
790 3026 829 3099 ¹lr‘r
844 3053 1024 3107 commune

116 3123 241 3196 bonum
255 3126 378 3194 meritis
391 3150 465 3196 vera
479 3128 630 3221 quidem,
655 3122 706 3197 sed
728 3155 791 3226 pro
813 3130 1024 3209 multitudine

114 3222 278 3317 gestorum
294 3223 369 3311 tibi,
391 3251 488 3321 pauca
506 3222 619 3303 dixisti.
668 3231 719 3296 Dc
737 3226 950 3325 objcllorum
971 3239 1022 3310 tibi

117 3328 166 3397 vel
183 3322 361 3407 honestate,
385 3326 433 3392 vel
449 3322 596 3408 falsitate,
623 3326 745 3399 cunblis
764 3355 840 3401 nota
860 3358 1023 3411 memora·
1058 3388 1062 3397 -

118 3424 165 3499 lli.
206 3432 266 3511 ,De
278 3423 464 3509 sceleribus,
490 3423 720 3527 fraudibusque
737 3431 926 3508 delatorum
939 3438 1021 3511 telle

989 3562 1018 3613 lll
