2242 3952
347 172 705 264 Tausius

359 368 595 441 PROSA
646 369 711 442 IX.

92 549 299 732 Hastcnus
325 551 484 626 mendacis
500 549 641 626 sormam
653 548 810 629 felicitatis
826 555 991 634 ostendisse
1016 572 1028 587 “·

193 652 370 741 suffecerim
395 652 524 751 quamfi
535 651 754 754 perspicaciter
767 659 991 742 intuearis,or·

90 763 139 831 do
155 753 200 830 est
216 755 383 852 deinceps,
409 778 489 850 quac
507 754 543 825 sn
560 779 635 827 vera
655 754 844 834 monstrare.
892 762 993 854 Atqui

90 859 209 943 video,
232 859 382 951 inquam,
405 879 463 925 nec
478 855 592 952 opibus
604 832 845 944 sufflcientiam,
866 881 924 929 nec
945 881 996 929 rc·

91 961 170 1052 gnis
192 958 383 1052 potentiam,
405 979 464 1025 nec
482 959 693 1028 reverentiam
710 957 996 1048 dignitatibus,nec

90 1054 312 1128 celebritatem
324 1056 434 1148 gloria,
444 1078 503 1127 nec
514 1055 660 1126 laetitiam
674 1056 890 1152 voluptatibus
905 1051 997 1155 posse

94 1159 297 1248 'contingere
346 1159 401 1227 An
416 1156 511 1225 etiam
525 1150 655 1242 mullas,
679 1178 737 1228 cur
755 1157 791 1227 id
804 1160 845 1226 ita
861 1154 916 1244 fit,
941 1156 996 1227 de·

93 1252 322 1356 prehendisti?
349 1255 469 1325 Tenui
490 1254 748 1351 quidemreluti
774 1257 891 1326 rimula
912 1256 1013 1328 mihi.

95 1357 213 1428 videor
226 1355 362 1425 intueri:
386 1348 437 1425 sed
450 1377 488 1425 ex
500 1376 531 1425 te
542 1350 717 1444 cognosere
726 1357 864 1449 apertius
877 1355 997 1426 malim.

97 1456 202 1550 Atqui
214 1447 424 1550 promtissima
441 1450 590 1526 ratio'est.
639 1451 737 1549 Quod
764 1455 852 1522 enim
865 1449 999 1551 fimpler
1040 1458 1043 1465 '

96 1551 162 1638 est,
188 1548 423 1647 indivisumque
447 1573 574 1642 natura,
604 1549 636 1620 id
651 1576 750 1622 *error
769 1553 928 1624 humanus
952 1548 997 1624 sc·

96 1672 205 1754 parat,
224 1651 303 1722 ersa
320 1674 413 1739 vero,
435 1670 531 1746 arque
554 1647 703 1748 perscsio
719 1651 757 1721 ad
776 1648 911 1739 salsum,
937 1654 998 1723 im·

95 1749 345 1854 possessumque
365 1750 529 1846 traducitjg·
561 1747 621 1820 ·A'n
646 1772 680 1820 tu
707 1750 888 1841 arbitraris,
907 1752 998 1850 quod

97 1855 204 1925 nihilo
227 1852 383 1943 indigeat,
416 1873 510 1942 egere
531 1853 704 1947 potentia?
752 1854 905 1945 minime,
947 1855 998 1922 in·-

98 1970 209 2047 quam.'
256 1948 579 2041 Rebieruquidernz-
596 1968 671 2016 num
684 1947 886 2044 liquid-cst,
907 1951 997 2046 quod
1030 1952 1033 1960 ’

100 2053 138 2122 in
159 2049 222 2119 ulla
235 2070 270 2116 re
285 2044 504 2116 imbecillioris
517 2045 671 2121 valentiae
691 2043 740 2126 fit,
761 2050 796 2118 in
810 2047 998 2146 hac-praest·

98 2151 157 2222 dio
170 2139 449 2234 necesse'cstegeat
462 2144 579 2217 aliano.
628 2145 675 2212 Ita
688 2141 749 2237 est,
772 2148 920 2243 inquam:
942 2150 1008 2240 igi-2

99 2272 157 2321 tur
168 2243 382 2328 sufficientiae,
391 2244 614 2339 potentiaeque
629 2266 692 2313 una
700 2241 753 2330 esl,
761 2248 935 2344 eademque
947 2274 1000 2319 na·
1024 2234 1040 2265 ''

97 2372 183 2420 rura.
229 2349 280 2416 Sic
292 2343 429 2416 videtur.
476 2341 1000 2449 Quodverohujusmodisrt,sper·

98 2448 302 2524 nondumne
317 2438 380 2514 elle
394 2437 516 2527 censes,
541 2465 581 2512 an
589 2464 707 2516 contra
724 2469 837 2518 rerum
850 2453 1001 2520 omnium

98 2550 307 2622 veneratione
320 2540 561 2637 digniffimum?
575 2548 630 2614 -At
643 2544 716 2627 hoc,
729 2546 871 2641 inquam,
885 2548 927 2619 ne
942 2548 1000 2618 du·

97 2653 194 2725 bitari
219 2647 353 2745 quidem
377 2640 491 2741 potest.
541 2643 702 2714 Addamus
724 2646 824 2735 igitur
837 2640 1001 2720 sufficien-

96 2755 172 2838 tiae,
196 2747 423 2846 potentiaeque
432 2745 656 2826 reverentiam,
679 2762 716 2811 ut
729 2743 806 2813 haec
819 2744 880 2813 tria
893 2769 1003 2827 unum

97 2849 163 2925 elle
181 2847 369 2943 judicemus.
431 2843 611 2929 Addamus,
642 2837 800 2937 fiquidem
815 2865 889 2914 vera
909 2845 1000 2918 volu·

95 2974 175 3026 mus
190 2943 347 3017 confiteri.
360 2970 370 2993 ··
394 2942 494 3045 Qod
508 2964 602 3028 vcro,
624 2943 748 3037 inquit,
772 2937 942 3019 obscurum
957 2970 1002 3021 ne.
1033 2958 1036 2963 '

98 3053 275 3143 horaeque
291 3042 432 3135 ignobile
445 3039 552 3115 censes
567 3037 646 3131 elle,
665 3058 706 3115 an
720 3046 812 3117 omni
835 3045 999 3118 celebrita-

99 3141 373 3223 reclarisbmum?
398 3141 571 3215 Considera
586 3165 680 3228 vero,
706 3166 765 3238 ne,
791 3147 882 3242 quod.
895 3148 1002 3226 nihilo,

96 3251 268 3340 indigere,
294 3243 382 3341 quod
401 3240 673 3341 potentissimum,
698 3244 787 3341 quod
810 3247 938 3317 honore
952 3247 1000 3318 di·

96 3346 288 3450 gnilsrmum
309 3339 371 3417 else
395 3341 577 3418 concellum
599 3341 658 3430 est,
681 3367 775 3437 cgere
800 3346 1000 3430 claritudine,

96 3464 204 3554 quam·
212 3445 269 3525 fibi
281 3441 443 3549 praestare
465 3464 531 3520 non
545 3441 654 3547 petia,
669 3468 771 3541 arque
790 3442 1006 3543 rabidamque

104 3602 110 3609 .
192 3594 198 3603 ι
565 3562 575 3571 ’
979 3564 1026 3607 QX
