2280 3946
166 240 175 275 Ι
401 116 768 231 rrrrtve
975 180 1020 256 tt

117 328 215 407 ¹iavit.
266 324 412 427 Quaeest
435 330 534 420 igitur
555 324 799 424 haec-potestas,
825 346 903 424 quae
924 327 1024 403 soliti·

127 430 279 503 tudinum
308 424 433 499 morsus
468 427 654 577 erpellere,
699 452 779 523 quae
809 427 1026 503 formidinum

130 530 256 602 aculeos
271 533 367 601 vitare
384 531 514 621 nequit.
545 531 648 623 Atqui
660 529 777 600 velient
791 527 849 626 ip'fi
865 526 970 601 viride
982 530 1025 603 se-

129 633 216 717 euri,
241 626 293 699 led
311 650 491 724 nequeunt:
517 629 637 699 dehinc
654 630 695 699 de
712 628 864 727 potestate
887 631 1026 721 glorian·

130 752 191 805 tur.
246 737 300 799 An
319 752 354 798 tu
372 751 539 825 potentem
553 725 677 816 censes,
704 754 801 825 quem
817 730 919 800 videas
934 733 1028 819 velle,

150 828 219 899 uod
240 853 309 900 non
331 827 424 925 posiit
451 824 606 900 efficere?
628 835 797 901 Potentem
815 825 930 900 censes
946 885 954 914 ‚
972 834 1031 924 qui

128 856 257 1002 dedite
270 929 348 998 latus
363 927 477 1000 ambit:
500 931 555 1025 qui
572 934 654 1026 quos
671 953 783 1013 terret,
797 928 863 1028 rpfe
880 930 951 1026 plus
965 953 1031 1000 me·

129 1032 293 1141 tuitffqui
306 1051 343 1099 ut
368 1051 483 1125 potens
504 1026 571 1101 eide·
585 1032 749 1115 videatur,
773 1026 1032 1100 inservientium

127 1152 231 1203 manu
246 1125 340 1199 {itum
357 1126 427 1198 est?
440 1135 529 1199 Nam
540 1131 615 1225 quid
630 1122 691 1221 ego
708 1131 747 1201 de
762 1135 887 1222 Regum
903 1127 1032 1200 familia-

128 1224 396 1309 ribusdifferam,
419 1254 493 1298 cum
520 1255 618 1321 regna
641 1228 821 1324 ipsatantae
841 1229 1034 1302 imbecillita-

132 1331 171 1399 tis
190 1327 286 1425 plena
307 1325 554 1422 demonstrem?
580 1352 663 1422 quos
679 1331 810 1422 quidem
832 1333 918 1419 regia
941 1353 1034 1424 pote·

137 1424 193 1497 Au
207 1422 298 1524 fiepe
310 1429 490 1517 incolumis,
512 1424 603 1522 saepe
613 1446 719 1497 autem
734 1423 817 1522 lapsa
829 1425 1033 1522 prosternit?

136 1530 228 1599 Nero
240 1532 394 1598 Senetam
411 1521 610 1607 familiarem,
621 1538 927 1621 praeceptoremque
942 1523 1035 1597 suum

135 1624 173 1697 ad
195 1627 363 1717 eligendae
386 1628 503 1697 mortis
524 1628 632 1717 coegit
649 1624 848 1700 ¹arbitrium·
892 1629 1035 1722 Papinio

131 1716 216 1799 utini
236 1726 293 1795 diu
309 1729 393 1797 iuter
416 1727 533 1797 aulicos
553 1746 740 1824 potentem,
764 1725 904 1821 miiitum
925 1726 1045 1817 gladiis·

83 1898 87 1907 ,
131 1828 323 1897 Antoninus
340 1826 468 1919 objecit.
519 1827 622 1920 Atqui
637 1847 776 1918 uterque
790 1831 951 1921 potentiae
963 1822 1037 1896 suae

102 1928 326 2033 penitenciam
339 1927 527 1996 voluerunt:
551 1948 695 2019 quorum
711 1929 832 1993 Seneca
852 1950 929 2019 opes
942 1929 1038 1994 etiam

115 2020 205 2099 Ἧι
219 2025 346 2094 tradere
365 2025 515 2105 Neroni,
540 2019 633 2115 seque
648 2025 683 2090 in
700 2024 804 2093 otium
819 2019 971 2094 conferre
984 2047 1039 2093 co·

133 2146 229 2201 mma
249 2120 302 2193 est.
367 2122 428 2191 Sed
454 2120 533 2187 dum
554 2122 698 2187 ruituros
719 2119 822 2189 moles
843 2118 906 2218 ipsa
929 2124 1040 2203 trahit,

89 2286 98 2295 .
133 2228 270 2309 nutaret-3
296 2220 384 2316 quod
398 2218 516 2303 voluit,
540 2213 657 2292 effecit.
700 2221 797 2317 ¹Quae
812 2218 856 2290 est
869 2225 968 2313 igitur
985 2219 1042 2292 ista

134 2312 294 2423 potentia,
309 2344 405 2415 quam
419 2313 648 2415 pertimescunt
662 2316 834 2391 habentes:
850 2347 956 2418 quam,
970 2347 1042 2409 nec,

129 2446 212 2493 ¹eum
228 2418 346 2493 habere
361 2417 454 2504 velis,
475 2439 562 2487 tutus
575 2414 632 2504 sts,
655 2440 688 2489 et
709 2443 784 2489 cum
803 2422 967 2517 deponere
987 2447 1044 2493 cu·

136 2524 222 2621 pins,
244 2521 345 2590 vitare
360 2544 429 2591 non
451 2515 567 2615 podis?
592 2525 646 2613 An
661 2517 820 2615 praesidio
840 2519 912 2592 sum
937 2525 1044 2604 amici,

130 2628 150 2687 .“
170 2644 307 2692 tos-non
323 2626 440 2703 virtus,
464 2613 657 2690 sedfottuna
673 2621 847 2697 conciliat?
867 2622 930 2689 Sed
945 2644 1045 2715 quem

134 2646 271 2799 adicitis
290 2722 427 2793 amicum
449 2715 551 2803 fecit,
577 2715 797 2789 infortunium
818 2714 912 2788 faciet
937 2722 1045 2788 inimi·

136 2846 227 2897 eum.
279 2824 372 2914 Qae
398 2843 475 2894 reto
492 2815 587 2916 pestis
606 2812 768 2887 efficacior
787 2817 826 2889 ad
848 2820 1045 2906 nocendum,

135 2946 238 3023 quem
260 2914 424 2993 familiaris
438 2916 613 2994 inimicus?

400 3168 431 3219 Μ
459 3163 480 3216 Ε
507 3161 534 3215 Τ
561 3163 585 3216 R
610 3162 637 3214 V
663 3160 695 3214 Μ
757 3163 794 3218 V·
951 3172 954 3177 '

245 3278 330 3418 Q
335 3320 373 3422 se
384 3327 468 3397 volet
479 3323 532 3424 affe
542 3284 709 3425 potentem,

137 3482 143 3489 .
246 3482 250 3491 .
300 3424 747 3617 Animosdumrtildrgrrpcrs,
