2242 3952
282 171 749 273 incursuro

50 347 120 424 dit.
174 343 385 450 Progressus
408 364 521 437 tunc
544 372 566 423 e
590 345 704 427 Curia
736 347 777 426 in
806 347 964 430 Circum

52 461 336 558 Theudoricus,
364 460 630 566 adlocuquui
645 464 764 542 Palma
777 490 883 544 aurea
902 466 956 545 di-

47 578 218 677 cebatur,
248 577 474 656 concionem
482 577 664 659 habuitad
672 581 854 686 populum
870 606 958 661 cum

47 695 285 776 Setrrtoribus
300 693 341 771 in
359 694 528 798 gradibus
552 695 816 777 confidentem.
877 699 955 777 Hic

47 838 139 891 vero
160 808 360 908 Boethium
387 811 529 891 medius
541 811 640 892 inter
655 813 752 892 filios
763 813 851 893 suos
865 820 957 893 oon-

46 927 192 1024 ststcns,
227 926 455 1032 congiarium
479 928 626 1035 populo
650 929 766 1025 dedit.
828 928 961 1007 Prose«
1103 946 1106 951 ’

47 1042 130 1121 uus
146 1064 267 1123 autem
281 1069 306 1121 ο
321 1040 439 1125 Circo
445 1045 724 1145 Theodericus,
735 1043 959 1150 triumphale

46 1150 198 1262 epuluin
213 1160 452 1241 Senatoribus
473 1161 593 1261 dedit,
628 1188 670 1241 ac
693 1160 794 1266 plebi
813 1162 957 1239 Romae

44 1273 276 1355 frtunentum
291 1274 469 1357 donauit...
513 1279 661 1381 Qanta
676 1303 768 1383 gero
788 1275 901 1355 suerit
915 1274 956 1353 il·
1055 1374 1058 1379 g

46 1388 118 1469 lius
132 1391 232 1475 attus
248 1392 456 1491 celebritas,
483 1419 594 1483 exeo
618 1391 797 1495 cognosci
819 1393 957 1497 potest,

47 1504 153 1609 quod
170 1506 296 1587 bertus
312 1498 549 1613 Fulgentius,
574 1508 640 1611 qui
662 1531 756 1589 tuuc
777 1507 957 1610 temporis

43 1646 146 1701 nova
160 1623 392 1703 Trrsrmundi
407 1624 552 1703 saevitia
569 1623 795 1703 exanimatus
818 1620 957 1703 deserta
1031 1714 1034 1719 ¹

42 1736 170 1815 Africa
180 1740 339 1825 Romam
354 1762 525 1838 uenerat,
548 1766 727 1849 pompam
743 1737 841 1823 illam
851 1763 954 1817 con-

41 1851 220 1952 spiciens,
254 1855 533 1946 acclamationes
560 1852 735 1968 audiens,
768 1853 958 1951 ordinem·

43 1990 121 2066 que
135 1968 513 2055 rerumadmirabilem
527 1969 651 2053 secum
663 1970 879 2073 expendens
893 1993 957 2050 exv

44 2077 233 2158 clamavit:
292 2082 416 2176 Qum
429 2081 591 2178 speciosa
605 2084 717 2161 debet
733 2085 803 2164 elle
824 2078 956 2169 Ierusa-

43 2194 120 2272 lem
135 2189 194 2269 illa
209 2187 388 2285 coelestis,
408 2188 439 2269 ·sr
450 2188 623 2293 hcfidget
633 2193 752 2271 Roma
761 2194 961 2275 terrestris?

46 2306 123 2387 etsr
139 2307 267 2387 iuhoc
287 2303 412 2387 seculo
429 2305 538 2399 detur
563 2306 656 2391 tanti
670 2306 829 2391 honoris
843 2308 960 2415 digni·

50 2447 105 2503 tas
128 2421 363 2528 diligentibus
382 2420 598 2521 vanitatem,
634 2423 750 2532 qualis
771 2425 900 2507 honor
921 2449 961 2527 et
1106 2494 1109 2499 .

12 2532 165 2645 'gloria
180 2540 364 2622 tribuetur
373 2535 501 2619 suetis
517 2541 857 2645 contemplantibus
868 2542 960 2625 veti·

47 2662 185 2737 tatem?
213 2654 286 2733 Sed
296 2651 539 2760 splendorem
554 2655 650 2739 illius
661 2658 760 2739 auus
775 2658 962 2761 eleganter

49 2771 233 2880 descripsit
244 2770 321 2876 ipse
334 2770 514 2855 boethius
535 2771 645 2871 hujus
661 2770 784 2875 operis
799 2771 895 2851 libro
912 2769 964 2851 se·

47 2889 198 2986 cundo,
223 2887 288 2967 ubi
302 2887 580 2993 Philosophiam
595 2885 642 2967 stc
664 2885 888 2989 loquentem
907 2885 994 2969 lit-····

50 3002 237 3085 troducit:
264 3003 304 3086 Si
323 3003 406 3107 quis
425 3028 551 3086 rerum
572 3000 785 3087 mortalium
808 3000 961 3103 fructus,
984 3036 989 3053 ·

52 3115 172 3195 ullum
188 3116 423 3203 beatitudinis
444 3115 595 3227 pondus
616 3117 746 3216 habet,
769 3117 964 3223 poteritne

49 3232 149 3314 illius
165 3232 342 3315 memoria
356 3236 448 3317 lucis
470 3234 695 3341 quantolibet
708 3234 964 3341 ingruentium

48 3347 233 3430 malorum
247 3348 349 3429 mole
363 3350 496 3447 deleri,
523 3376 639 3455 quum
654 3351 752 3430 duos
763 3350 901 3457 pariter
921 3349 963 3431 li·

48 3465 165 3547 beros
177 3488 267 3547 tuos
281 3465 401 3551 domo
415 3463 655 3577 prouehisub
676 3465 884 3571 frequentia
899 3469 963 3558 Pa<
986 3576 995 3589 ἱ

563 3584 648 3686 b3
871 3597 1005 3667 eom
