2280 3946
172 247 176 255 .
284 182 723 270 sucvnovs,
906 212 955 286 29

316 354 672 430 erosasv.
773 402 779 412 .

58 546 187 719 Tum
203 565 284 636 ego,
302 544 405 626 Vera,
431 540 580 636 inquam,
601 565 837 618 commemoras
860 541 959 627 dvit-

157 665 264 714 tutum
279 644 427 711 omnium
449 646 576 726 nutrix,
592 668 652 714 nec
673 625 811 718 iltficiari
833 647 961 745 pullum

58 741 277 848 prosperitatis
287 739 771 822 meacvclociffimumcursum.
820 748 883 819 Sed
898 751 962 824 hoc

60 846 126 933 est,
161 843 250 941 quod
279 842 475 917 recolentem
500 869 554 917 me
582 847 805 919 vehementius
837 854 960 945 coquit.

59 953 152 1021 Nam
167 950 201 1014 in
222 946 314 1014 omni
337 941 519 1015 adverfitatc
539 938 689 1018 fortunae
711 943 963 1022 infelicillimum

60 1071 165 1143 genus
179 1040 224 1115 est
237 1039 426 1133 infortunii,
455 1039 548 1116 fuille
569 1043 710 1123 felicem.
785 1051 848 1121 Sed
873 1049 963 1146 quod

60 1169 115 1231 tu,
144 1149 266 1240 inquit,
305 1139 398 1216 falsae
426 1148 591 1243 opinionis
612 1140 804 1246 supplicium
826 1149 903 1237 luis,
929 1142 965 1222 id

60 1246 158 1321 rebus
170 1248 242 1345 jure
256 1247 417 1343 imputare
434 1271 502 1317 non
542 1244 624 1322 ollis.
682 1253 775 1322 Nam
798 1245 820 1320 st
844 1272 876 1320 te
900 1250 965 1323 hoc

63 1348 159 1423 inane
183 1369 306 1420 nomen
335 1341 487 1419 fortuitae
510 1272 670 1418 illicitatio
696 1369 823 1437 movet,
867 1375 965 1446 quam

120 1438 126 1449 Ι

60 1446 230 1619 ΕΙυπίωἰε,
265 1447 474 1543 maximisque
495 1445 653 1532 abundes,
686 1470 815 1519 mecum
835 1471 966 1547 reputes

26 1580 32 1595 =
79 1549 150 1624 cet.
197 1549 303 1640 Igitur
311 1543 342 1618 ,ἦ
356 1547 447 1642 quod
461 1546 497 1617 in
511 1550 604 1616 omni
618 1540 770 1616 fortunae
785 1543 880 1618 censu
895 1571 969 1646 pre·

12 1720 17 1727 ,
61 1641 260 1721 nofiffimum
275 1644 460 1744 pollidebas‚
477 1645 510 1739 id
521 1643 579 1716 tibi
592 1645 745 1716 divinitus
760 1643 900 1719 illaesum
915 1647 968 1719 ad-

60 1745 145 1835 hoc,
178 1748 433 1844 inviolatumque
454 1740 613 1836 servatur,
643 1748 809 1843 poterisne
833 1740 968 1821 meliora

61 1866 211 1944 quaeque
239 1850 399 1932 retinens,
436 1844 476 1918 de
495 1842 680 1917 infortunio
701 1843 786 2013 ‘jure
814 1845 968 1941 cauliarii

60 1947 167 2042 Atqui
181 1948 267 2036 viget
286 1947 476 2030 incolumis,
501 1946 579 2016 illud
593 1945 699 2047 pretio
713 1940 853 2027 tffimum
874 1970 970 2038 gene·

62 2047 112 2127 ris
126 2043 258 2117 humani
273 2046 388 2124 decus,
408 2043 618 2135 Symmachus
633 2038 739 2134 socer3
764 2065 796 2112 et
819 2045 910 2139 quod
925 2047 971 2117 vi.-
1007 2118 1016 2133 ‚

10 2188 13 2197 ·
62 2164 115 2217 ase
127 2148 236 2240 pretio
251 2167 320 2214 non
340 2140 443 2234 segnis
460 2146 602 2231 eineres,
623 2142 672 2209 vir
690 2160 777 2210 totus
797 2165 834 2211 ex
849 2140 973 2242 sapien-

63 2245 139 2328 tia,·
152 2242 390 2336 virtutibusque
417 2235 538 2330 faflus,
571 2234 869 2330 fuarum'fecurus,
907 2246 972 2316 tuis

64 2334 248 2434 ingemiscit
272 2341 410 2436 injuriis.
466 2340 557 2408 Vivit
582 2361 664 2409 uror
691 2339 827 2434 ingenio
858 2343 972 2417 mode·

51 2437 133 2537 msto,
155 2439 328 2539 pudicitiae
349 2439 474 2537 pudore
495 2438 710 2537 praecellens,
732 2462 764 2513 et
786 2465 823 2514 ut
845 2447 972 2529 omneis

66 2541 140 2638 ejus
155 2539 245 2613 dotes
262 2541 402 2613 breviter
423 2539 602 2628 includam,
625 2543 709 2640 patri
732 2536 853 2617 similis.
911 2546 972 2614 Vi·
1043 2616 1046 2623 ,

65 2643 135 2728 ¹vit,
155 2642 310 2737 inquam,
340 2639 464 2739 tibique
488 2661 614 2713 tantum
635 2643 719 2712 vitae
747 2639 842 2733 hujus
879 2636 972 2733 exosa

63 2736 218 2841 spiritum
231 2738 339 2814 fervat.
388 2738 734 2841 Quounofelicitatem
751 2741 855 2809 minui
870 2760 971 2828 tuam,

65 2841 123 2917 vel
130 2836 194 2938 ipfa
200 2839 420 2925 comederim,
427 2845 474 2912 tui
488 2837 643 2909 defioerio
652 2838 803 2931 lacrymis
817 2863 851 2911 ac
859 2832 975 2919 dolore

100 2937 209 3021 bescit
258 2943 346 3041 Qtid
359 2942 462 3014 dicam
479 2939 596 3011 liberos
610 2933 807 3022 consulares,
829 2963 975 3036 quorum

140 3100 153 3134 ,
175 3063 212 3114 ut
230 3045 312 3116 inid
328 3045 438 3119 aetatis
455 3041 582 3141 pueris,
599 3036 650 3109 vel
665 3039 758 3127 aviti,
781 3038 833 3111 vel
848 3043 976 3139 paterni

17 3226 21 3231 ¹
67 3134 233 3241 fpoeirnen
247 3142 349 3215 elucet
363 3144 512 3236 ingenii?
539 3145 623 3211 Cum
636 3141 734 3233 igitur
749 3142 919 3241 praecipua
936 3137 976 3215 frt

65 3242 261 3321 mortalibus
283 3246 362 3314 vitae
377 3268 452 3314 cura
468 3240 669 3341 retinendae,
692 3236 779 3324 dte,
799 3236 822 3314 ft
843 3262 897 3339 tua
919 3239 977 3315 ho·
1069 3319 1072 3329 ,

66 3341 313 3439 mangonicos,
338 3339 483 3430 felicem,
507 3345 559 3413 cui
576 3339 749 3440 luppetunt
762 3343 859 3414 etiam
878 3365 978 3431 nuno,
1062 3387 1083 3437 ,Ι

67 3464 158 3542 quse
172 3442 237 3519 vira
250 3467 350 3517 nemo
364 3442 489 3515 dubitat
503 3438 565 3519 elle
577 3445 725 3535 cariora.¹
774 3445 883 3543 Quare
901 3439 978 3555 sacca

93 3564 97 3595 ἶ
909 3563 976 3629 ιω
