2242 3952
127 190 175 274 64
462 170 748 241 LIBER·

10 386 13 391 ⁴
127 372 165 418 ex
183 360 271 443 parte
279 334 589 433 videaturabjesliua
638 332 912 433 Nonposl'um,i
926 374 943 396 ·¹

125 452 206 542 quin
222 446 283 515 hoc
296 465 342 511 un
357 436 417 523 est,
442 443 484 509 ita
503 442 600 509 etiam
616 436 869 510 celeberrimum
879 434 932 509 elle
946 485 949 492 ·

124 547 225 619 fitear.
277 537 484 635 Consequens
499 541 599 629 igitur
611 535 666 624 est,
682 561 718 610 ut
731 538 963 637 claritudine-⁴

123 644 306 745 perioribus
325 643 428 711 tribus
448 638 530 711 nihil
543 636 674 710 differre
687 634 862 715 fateamur.
941 644 961 724 ’ᾗ

124 752 255 845 quitur,
280 748 422 837 inquam.
476 739 574 839 Qrod
595 743 693 831 igitur
714 740 841 811 nullius
854 753 961 833 egen‘

121 850 174 938 ni,
201 846 291 942 quod
306 840 366 913 suis
388 830 496 912 cdlii
518 837 639 911 viribus
663 836 776 939 possit,
804 842 898 939 quod
914 836 962 911 sis

121 972 214 1029 runt,
239 967 333 1037 atque
349 940 580 1025 reverendum,
605 966 717 1012 nonne
736 942 805 1013 hoc
832 946 948 1013 etiam·

120 1044 179 1117 stat
196 1040 256 1113 elle
272 1038 500 1122 laetislintunr?
518 1040 579 1112 Sed
593 1041 679 1112 unde
695 1041 790 1127 huic,
818 1044 948 1139 inquam,

120 1168 254 1217 moeror
269 1142 353 1211 ullus
368 1140 510 1236 obrepat,
518 1165 559 1210 ne
580 1143 721 1234 cogitare
736 1140 875 1237 quidem
899 1153 938 1203 ιη’

120 1269 219 1340 quare
230 1241 361 1338 plenum
374 1237 435 1311 elle
449 1243 589 1325 laetitiae,
610 1239 769 1337 fiqttidem
784 1239 939 1342 superiora

119 1344 264 1427 nebunt,
291 1337 413 1412 necesse
439 1337 484 1411 ell
505 1338 662 1412 confiteri.
725 1348 837 1439 Atqui
855 1342 941 1415 illud

116 1468 183 1541 qur
197 1468 254 1539 per
267 1443 375 1514 eadem
397 1435 602 1511 necessatium
627 1438 690 1525 est,
714 1435 930 1535 sufficientiae,

117 1552 251 1625 tentiae,
275 1541 480 1623 claritudinis,
503 1542 715 1623 reverentiae,
737 1540 932 1635 jucundior
961 1567 962 1572 ’

117 1650 205 1715 mina
221 1643 352 1734 quidem
361 1636 422 1711 elle
436 1636 572 1722 diversa,
597 1639 687 1711 nullo
696 1664 776 1712 vero
796 1634 962 1717 modoffi*

114 1767 193 1841 pare
215 1735 427 1812 substantiam.
494 1735 630 1810 Necelle
650 1736 713 1826 esl,
739 1742 884 1839 inquam
909 1738 955 1805 ⁸⁸

113 1846 231 1934 igitur,
257 1838 344 1936 quod
358 1835 404 1908 est
422 1861 543 1920 unum,
565 1835 760 1937 fimplexque
783 1852 955 1933 naturalilp

113 1946 190 2015 vitas
204 1944 342 2013 humana
361 1936 528 2036 dispertit,
551 1960 601 2022 et,
624 1940 703 2012 dum
727 1944 797 2028 rei,
824 1968 903 2042 quae
919 1977 921 1994 t
940 1973 964 1994 ν

22 2080 25 2085 ·
113 2043 198 2115 tibus
212 2063 313 2128 caret,
344 2060 468 2136 partem
488 2062 625 2127 conatur
645 2036 794 2136 adipisci,
815 2069 880 2115 nec
904 2074 922 2101 o

113 2170 200 2230 nem,
225 2165 307 2238 quae
322 2138 408 2209 nulla
421 2133 483 2207 est:
509 2160 567 2207 nec
577 2135 686 2234 ipsam,
710 2162 812 2235 quam
831 2146 946 2215 minine

111 2240 218 2327 scelat,
237 2238 416 2335 assequitur.
466 2241 628 2336 Quonam,
640 2240 782 2408 inpuam,
797 2243 922 2315 modo?
943 2252 949 2294 ¹

113 2342 252 2423 divitias,
267 2341 383 2432 inquit,
397 2339 486 2430 petit,
501 2339 654 2430 penuriae
692 2361 769 2430 oga,
812 2343 859 2415 de
872 2368 945 2440 po.-¹

111 2439 195 2511 nihil
211 2437 349 2509 laborat:
373 2433 452 2516 vilis,
469 2429 683 2533 obscurusque
698 2435 760 2510 elle
777 2444 914 2531 mavult,
936 2480 938 2500 ι

110 2562 158 2612 tas
172 2543 268 2611 etiam
281 2533 339 2609 fibi
353 2534 523 2607 naturaleis
544 2560 674 2634 quoque
690 2535 854 2615 subtrahit
872 2542 947 2617 tolr

108 2665 167 2731 tes,
182 2667 223 2716 ne
240 2639 430 2740 pecuniam,
462 2660 558 2732 quarn
582 2641 715 2735 paravit,
736 2643 877 2720 amittat.
948 2659 951 2670 “

106 2744 171 2816 hoc
183 2744 286 2816 modo
303 2766 345 2812 ne
359 2734 544 2811 sufficientia
561 2740 695 2834 quidem
709 2745 853 2835 contigit
867 2748 908 2831 ei,
921 2780 926 2806 ι
940 2776 954 2800 ¹1

104 2845 236 2917 valentia
251 2839 376 2927 deserit,
401 2863 499 2937 quem
519 2837 659 2912 molestia
679 2842 807 2939 pungit,
827 2870 929 2943 quem

104 2962 151 3011 tas
174 2943 288 3039 abjicit,
308 2967 406 3037 quem
430 2941 577 3011 recondit
601 2936 785 3015 obscuritas.
840 2951 911 3049 Qui
951 2991 954 2998 ·

102 3036 206 3111 solum
224 3038 310 3138 polle
322 3038 490 3125 defiderat;
522 3038 676 3140 profligat
695 3067 784 3142 opes,
803 3045 938 3147 despicit

100 3141 245 3240 luptates‚
270 3141 495 3235 honoremque
509 3145 653 3239 potentia
671 3166 847 3234 carentem,
871 3148 947 3244 glo

98 3266 232 3341 quoque
246 3239 327 3311 nihil
336 3241 457 3337 pendit.
508 3242 569 3314 Sed
577 3242 653 3313 huic
668 3270 798 3342 quoque
808 3271 912 3343 quam
933 3288 944 3315 ‚t
963 3245 964 3256 ’

96 3366 128 3412 ta
152 3342 311 3427 deficiant,
336 3341 434 3416 vides.
484 3345 539 3413 Fir
553 3346 640 3416 enim
654 3346 888 3442 utaliquando
913 3349 967 3414 ===l

94 3438 182 3517 striis
191 3465 289 3538 egeat,
296 3464 333 3515 ut
340 3443 546 3523 anxietatibus
552 3448 757 3534 mordeaturt
773 3473 924 3555 cumque
936 3489 963 3517 i«
