2242 3952
170 112 853 265 ·'.taaeaaT1o,

123 350 320 433 comachus
329 346 523 452 diligenter
531 343 718 451 exposuit:
746 348 1023 455 quempritlluna

123 463 379 567 Madaurenfis,
394 461 583 569 Apuleius,
598 462 734 555 deinde
746 465 957 568 magnificus
969 467 1037 549 vit'
1086 491 1089 500 ’

120 584 321 681 Boethius,
348 579 481 661 Latino
506 579 676 685 sermone
697 580 929 683 translatum,
948 584 1026 685 Ro·

120 701 237 782 manis
251 695 672 797 contulitlellitandum.
767 754 787 803 ·.

181 820 244 898 De
258 813 497 897 Arithmetica
511 813 574 897 lib
588 841 627 897 11.

327 994 330 999 '
430 1010 479 1067 m
514 1009 709 1081 lovetot,

124 1100 325 1181 Transtulit
352 1102 596 1207 Pythagoram
629 1096 824 1185 Musaeum.

123 1215 252 1326 tenps
252 1240 270 1298 t
285 1217 332 1297 de
347 1214 484 1299 Mufica
488 1210 607 1301 libros
624 1243 663 1301 ν
725 1252 737 1271 ·-

388 1414 437 1470 nt
471 1410 769 1482 onoma-ata,

126 1502 330 1583 Transtulit
356 1502 560 1585 Euclidem.
616 1498 855 1579 cafiodorus
876 1499 1040 1605 loquens

127 1619 177 1699 de
185 1618 413 1722 Geomettia,
422 1619 543 1718 Cujus
561 1615 782 1722 disciplinae,
798 1614 932 1721 inquit,
940 1614 1040 1725 apud

128 1733 296 1817 Graecos
325 1736 517 1834 Euclides,
559 1730 807 1838 Apollonius,
833 1733 1041 1819 -Atchime-

76 1894 103 1943 a
127 1853 207 1948 des,
223 1877 392 1930 necnon
408 1874 447 1931 et
464 1849 523 1929 alii
543 1847 740 1954 scriptores
751 1847 961 1953 probabiles
978 1873 1040 1930 ex.-
1058 1876 1061 1883 ’

129 1966 318 2051 stiterunt:
341 1990 389 2041 ex
404 1963 744 2065 quibusEuclidem
763 1963 980 2067 translatum
999 1956 1061 2044 itt'

129 2078 337 2162 Romanam
355 2075 518 2176 linguam
533 2076 632 2152 idem
646 2076 704 2152 vir
718 2076 934 2178 magnificus
948 2080 1043 2157 Boea

129 2191 232 2274 thius
253 2185 367 2286 dedit,
375 2187 441 2291 qui
449 2184 648 2289 st'diligenti
665 2209 751 2263 cura
766 2184 957 2296 relegatur,
964 2194 1044 2275 hoc

130 2304 237 2412 quod
260 2302 308 2381 de
330 2302 431 2382 dlvts
431 2299 568 2381 ombus
584 2299 775 2406 praedietis
790 2330 959 2410 apertum
979 2310 1045 2412 est,

132 2416 320 2503 manifesta
340 2417 581 2523 intelligentia
618 2440 657 2497 et
691 2418 783 2499 clara
804 2423 957 2506 veritate
979 2450 1044 2509 co-

132 2536 341 2647 gnoscetur.

99 2687 104 2695 ·
189 2649 334 2759 Scripsit
373 2650 416 2731 in
447 2649 703 2732 Geomettiam
736 2653 898 2733 Euclidis
932 2655 1047 2737 libros

133 2795 251 2969 treile
268 2862 494 2994 Quadratum
505 2880 645 2962 circuli.

164 3076 213 3130 ιη
248 3076 557 3131 GEOGRAPHIA
596 3070 653 3127 aa
688 3032 1018 3138 asnoaoam.

191 3176 393 3257 Transtulit
412 3178 663 3264 Ptolemaeum
687 3176 992 3284 Alexandrinum.

339 3370 388 3425 m
416 3371 784 3454 attitulatos,

190 3467 252 3547 De
269 3461 424 3547 Vnitate
438 3485 478 3547 et
496 3465 597 3557 Vno·
612 3461 677 3563 lib.
697 3493 725 3549 1.
770 3504 776 3515 ·

621 3593 769 3726 bs·
1005 3560 1049 3701 aa.
