2242 3952
134 192 179 248 12
475 172 738 243 LIBER·

132 341 206 411 dem
220 338 423 413 familiarium
440 337 605 436 qutefivit:
629 339 793 438 Siquidem
808 346 915 430 Deus,
929 342 1039 443 inquit,

130 441 192 529 est,
218 445 305 514 unde
318 441 418 513 mala?
439 441 619 515 bonavem
636 442 740 525 unde,
766 441 872 515 finon
891 442 962 517 estl
983 452 1038 521 Sed

129 543 176 614 fas
190 538 439 615 sueritncsarios
453 544 615 637 homiues,
629 546 684 639 qui
691 542 857 615 bonorum
873 550 1038 637 omnium,

129 642 289 743 totiusque
310 648 443 717 Senatus
468 640 654 739 sauguinem
680 666 811 741 petunt,
837 670 904 717 nos
937 653 1037 739 etiem,

128 772 210 841 quus
232 770 444 845 propugnate
464 741 768 842 bonisSenatuique
783 746 950 833 viderant,
973 776 1037 849 per·

128 851 231 921 ditum
258 846 308 921 ire
332 842 474 921 voluisse.
527 846 591 921 Sed
614 872 697 917 num
722 846 807 917 idem
829 846 872 917 de
890 850 1037 949 patribur

34 960 38 965 '
124 972 257 1046 quoque
269 940 500 1021 merebamur?
522 944 722 1029 Meministi,
748 969 784 1016 ut
802 951 952 1045 opinor,
964 976 1038 1049 quo·

108 1048 212 1120 ¹niam
229 1071 283 1119 me
293 1044 458 1119 ditinum
472 1048 561 1141 qum,
586 1043 790 1127 sadlurumue
802 1044 964 1145 praesens
977 1046 1037 1153 ipse

120 1148 248 1246 semper
261 1146 430 1239 dirigebas.
479 1146 680 1235 Meministi,
704 1152 850 1245 inquam,
876 1155 1035 1227 Veronae

118 1274 197 1326 cum
212 1244 385 1321 texavidus
401 1252 587 1321 communia
599 1253 696 1337 exitii,
720 1245 894 1347 majestatis
910 1256 1034 1329 crimen

117 1353 155 1422 in
170 1348 327 1422 Albinum
342 1346 486 1444 delatum
503 1348 542 1419 ad
556 1347 712 1421 cunllum
727 1356 863 1421 Senatus
879 1354 1033 1427 ordinem

47 1452 49 1461 '
117 1445 296 1523 transferre
316 1447 508 1535 moliretur,
530 1448 669 1523 univerfi
696 1454 936 1535 innocentiam
948 1461 1032 1537 Seot·
1057 1496 1059 1511 ι

102 1560 192 1633 eor,
225 1570 344 1649 quanta
367 1552 433 1619 mei
462 1550 599 1645 periculi
620 1546 786 1621 securitate
813 1550 1029 1629 defenderim

112 1654 182 1720 Scis
196 1672 251 1719 me
261 1650 338 1719 haec
353 1668 386 1717 et
400 1669 473 1719 tera
487 1645 646 1743 proferre,
669 1672 701 1720 et
714 1655 748 1721 in
763 1651 856 1721 nulla
873 1678 1024 1753 umquam

112 1751 178 1819 mei
192 1746 287 1818 laude
300 1743 433 1841 jurasse.
483 1750 612 1823 Minuit
626 1753 713 1821 enim
730 1742 1017 1845 quodammodose

109 1847 280 1944 probantis
296 1842 506 1918 conscientiae
518 1844 695 1932 secretum,
719 1853 850 1946 quoties
866 1852 1010 1931 oslennn·

110 1949 154 2019 do
172 1948 244 2042 quis
255 1942 377 2018 sallum
391 1948 509 2043 recipit
522 1943 632 2025 famae
645 1953 814 2045 pretiuma,¹
839 1956 926 2033 8εᾴ
937 1958 1020 2035 inno·

108 2050 246 2120 tentiam
257 2044 398 2117 nollrarn
412 2052 485 2140 quis
492 2053 652 2142 exceperit
661 2072 794 2117 eventus
807 2055 917 2123 vides.
965 2057 1023 2125 Pru

105 2171 199 2220 verae
214 2149 340 2216 virtutis
349 2148 503 2241 praemiis
511 2140 578 2217 salsi
593 2142 718 2217 sceleris
734 2168 857 2241 poenes
871 2149 1027 2225 subimus.

105 2249 150 2316 Et
162 2246 251 2338 cujus
269 2268 414 2336 unquam
431 2237 588 2319 facinoris¹
607 2244 772 2319 manifesta
787 2244 966 2331 ¹confessio
987 2257 1026 2323 ite

105 2346 225 2437 judicas
240 2341 354 2412 habuit
369 2345 404 2411 in
424 2334 587 2417 severitate
600 2348 801 2428 concordes,
828 2370 868 2417 ut
881 2375 960 2431 nnn
975 2354 1027 2423 ali·

105 2464 189 2541 quos
210 2442 259 2512 vel
277 2438 343 2538 ipse
364 2442 499 2533 humani
512 2466 606 2515 error
626 2445 850 2535 ingenim-‚vel
863 2445 1022 2531 fortunae

102 2544 249 2617 conditio
273 2538 399 2613 cunllis
427 2542 616 2621 mortalibus
639 2547 774 2615 incerta·
785 2541 1020 2625 submitteret?

101 2649 134 2719 si
161 2643 362 2717 inflammare
376 2640 487 2713 sacras
504 2642 601 2713 'aedes
616 2641 815 2740 voluisse3sr
836 2644 1021 2729 sacerdotes

15 2794 16 2797 ,
99 2748 216 2845 impio·
231 2745 380 2837 iugulare
397 2744 520 2837 gladio!
540 2740 570 2819 sr,
584 2741 683 2815 bonit
716 2745 869 2819 omuibus
884 2764 1019 2825 'necem

98 2843 242 2917 struxisse
269 2845 476 2945 diceremum·
495 2838 694 2942 praesentem
722 2867 831 2917 tamen
855 2844 1018 2930 sententie

98 2943 305 3030 consessum,
328 2942 557 3017 convidlumve
573 2942 757 3041 punisset..
784 2953 892 3023 Nunc
923 2956 1019 3049 quin·

97 3047 205 3137 gentis
234 3040 303 3115 sere
324 3041 469 3139 passuum
487 3042 632 3145 millibus
652 3045 767 3142 procul
789 3052 890 3143 moti,
918 3056 1017 3151 atque

96 3141 256 3216 indefensi
269 3141 312 3215 ob
327 3142 467 3217 studium
482 3144 674 3243 propensius
690 3149 725 3217 in
739 3150 905 3237 Scortum¹
926 3178 1015 3227 mor·

95 3245 138 3325 ti,
170 3240 465 3341 proscriptionique
492 3246 695 3337 damnamur.
734 3242 940 3338 dmeritos,
968 3254 1011 3327 de

93 3340 188 3414 fimili
202 3347 342 3416 crimine.
362 3341 635 3445 neminem-polle
655 3349 821 3421 convinci!
846 3352 945 3447 cujus
961 3354 1010 3429 di-

92 3447 255 3539 gnitatem.
263 3467 368 3520 reatus
376 3440 436 3545 ἱρῇ
450 3448 557 3536 etiam,
579 3448 637 3544 qui
650 3447 807 3544 detulere,
832 3452 1008 3534 ride'runtt

876 3578 1005 3649 uuam
