2242 3952
304 134 730 275 SbCVNuvs
850 152 973 296 v-w

62 361 166 454 gitur
191 357 258 457 ejus
278 360 424 434 hominis
449 366 628 460 potentiam
649 384 758 462 putes,
781 364 852 461 qui,
878 365 968 462 quod

62 456 130 559 pse
144 462 253 534 intlio
264 460 391 559 potest,
414 468 456 535 ne
468 463 551 535 idio
565 461 597 536 se
610 465 686 536 alter
700 466 814 549 voleat,
838 462 965 538 efficere
996 546 1000 551 ,

63 582 130 633 ton
148 558 270 665 possiti
293 562 440 646 Adhaec,
464 558 580 663 fiipfis
593 562 800 658 dignitatibus
821 588 856 635 ae
897 588 964 640 ote·

63 654 189 735 iuribus
211 654 323 733 inesset
344 660 636 762 aliquid-naturalis
663 689 699 737 ac
719 667 849 764 proprii
871 588 895 735 b

894 690 962 753 ont,
1032 742 1036 752 ,

63 784 236 857 tumquanr
244 757 384 858 pessimis
396 770 617 863 provenirent.
669 771 791 864 Neque
798 766 886 835 eninr
901 760 963 837 fibi

63 861 160 933 olent
173 857 435 936 adversasociari.
483 868 612 937 Netuto
627 860 760 965 respuit,
784 885 962 935 utcontra·

64 960 101 1030 ia
117 960 461 1059 quaequejungantor.
506 966 643 1040 lucum
656 962 806 1065 pessimos
816 962 963 1061 plerom-

63 1083 119 1153 [ue
132 1059 337 1153 dignitatibus
352 1058 451 1159 iungi
463 1062 598 1138 dubium
611 1062 736 1156 nonsit,
766 1064 846 1135 illud
864 1065 962 1136 etiam

64 1160 173 1256 iquet,
195 1183 305 1235 natura
317 1160 472 1237 stbibonr
484 1188 557 1239 non
573 1163 652 1258 esse,
676 1189 757 1264 quse
771 1159 813 1236 se'
830 1161 958 1233 'effimis

64 1282 185 1361 uetere
201 1265 374 1358 patiantur.
425 1263 526 1363 Quod
539 1264 671 1362 quidem
688 1266 730 1339 de
747 1288 811 1336 cun
847 1265 872 1331 's
887 1259 957 1335 for-

64 1382 148 1431 unae
163 1360 356 1435 muneribus
375 1362 506 1457 dignius
530 1360 701 1436 existimari
726 1360 849 1463 potest,
872 1384 955 1456 quae

64 1457 369 1557 dimprobiffimunr
382 1462 735 1561 quemqutmuberiorr
744 1464 955 1561 proveniunt.

64 1564 96 1630 >e
117 1558 234 1656 quibus
255 1565 350 1635 etiarn
363 1563 444 1637 iilud
457 1561 729 1636 confiderandutn
741 1581 840 1660 puto,
863 1558 953 1656 quod

65 1684 144 1732 emo
159 1660 282 1733 dubitat
296 1660 359 1735 esse
372 1658 513 1752 fortem,
536 1667 590 1736 eui
602 1660 834 1734 fortitudinem
852 1655 952 1729 inesse

65 1756 259 1857 inspexerit:
277 1785 310 1833 et
324 1766 519 1862 cuicumque
541 1763 688 1835 velocitas
709 1758 795 1834 adest
815 1755 951 1832 manife-

65 1883 127 1927 um
139 1856 202 1943 est,
226 1858 289 1931 effe
300 1863 454 1935 velocem.
504 1866 557 1935 Sic
574 1860 692 1934 mustea
705 1861 838 1959 quidem
852 1855 948 1930 musr-

65 1980 119 2038 us,
141 1956 300 2029 medicina
322 1962 481 2051 medicos,
505 1961 668 2031 rhetorica
688 1961 835 2030 rhetores
857 1953 963 2039 fucit„

68 2057 121 2149 git
134 2057 225 2125 enim
237 2057 394 2151 cujusque
405 2059 582 2137 reinature,
595 2055 683 2150 quod
696 2081 757 2150 pro
782 2059 870 2125 tium
882 2052 948 2123 est:

65 2182 99 2227 ec
120 2159 358 2225 contrariarum
369 2178 489 2224 terunt
510 2149 661 2225 miscetur
682 2081 870 2234 effesbbus,
891 2149 949 2225 sed

70 2279 136 2340 tro,
151 2278 232 2349 quae
246 2251 320 2327 sunt
332 2251 469 2336 aduersa,
482 2252 625 2350 depellit.
676 2256 775 2349 Atqui
790 2278 851 2325 nee
866 2274 949 2350 opes

66 2355 231 2451 expletum
246 2351 446 2446 restinguere
465 2354 627 2423 avaritiam
641 2375 782 2448 queunt:
806 2377 866 2425 nec
882 2376 942 2450 po·

67 2452 130 2525 stas
142 2451 188 2523 sui
208 2476 396 2552 compotem
416 2450 548 2540 fecerit,
573 2476 673 2549 quern
689 2450 816 2526 vitiosae
835 2451 943 2524 libidi-

66 2580 94 2628 es
112 2550 334 2625 insolubilibus
354 2550 540 2625 adstriEium
559 2557 699 2625 retinent
717 2556 848 2626 catenis.
896 2555 941 2620 Et

66 2656 148 2726 blata
174 2654 333 2751 improbis
354 2654 508 2747 dignitas,
534 2678 603 2725 non
625 2653 726 2724 niodo
752 2677 821 2723 non
841 2646 941 2719 efficit

66 2778 173 2848 gnos,
197 2750 251 2825 sed
271 2754 383 2849 prodit
400 2757 533 2851 potius,
559 2773 591 2822 et
617 2749 753 2822 ostentat
776 2748 941 2839 indignos.

67 2880 103 2925 rr
125 2858 169 2923 ita
191 2855 367 2949 provenit?
393 2852 550 2924 Gaudetis
569 2853 659 2921 enim
687 2843 751 2919 sese
771 2870 823 2917 res
846 2845 942 2917 aliter

67 2954 190 3023 ibentes
205 2946 287 3020 salsis
308 2953 499 3049 compellare
519 2946 723 3034 nominibus,
748 2972 831 3044 quae
845 2943 938 3018 facile

67 3048 175 3123 sarum
195 3073 305 3120 rerum
330 3052 570 3145 redarguuntur
591 3044 727 3119 effesiu:
748 3050 855 3145 itaque
876 3071 939 3118 nee
971 3038 974 3045 ¹

67 3150 105 3222 ie
119 3148 262 3236 disitiae,
286 3174 347 3220 nec
363 3152 413 3222 ilia
428 3153 590 3251 potentia,
616 3170 676 3220 nee
696 3150 774 3221 haee
795 3149 937 3243 dignitas·

67 3276 107 3324 re
122 3249 276 3348 appellari
291 3248 404 3347 potest.
448 3246 617 3323 Postremo
634 3251 720 3321 idem
733 3250 774 3321 de
789 3272 853 3320 tota
865 3244 961 3318 fors*

67 3379 110 3425 na
131 3350 326 3422 concludere
347 3348 438 3434 lieet,
461 3354 498 3422 in
518 3375 578 3446 que
598 3350 682 3421 nibii
706 3347 934 3449 expetendum,

67 3453 116 3526 hil
130 3453 252 3525 nativae
273 3450 423 3525 bonitatis
438 3448 536 3523 inesse
548 3447 754 3525 menifestum
768 3447 832 3521 est:
853 3472 936 3546 quae

456 3556 485 3629 c
508 3576 537 3653 4
716 3584 721 3595 ·
880 3568 952 3616 nee
