2242 3952
333 180 750 260 SECVNDVS
944 209 990 281 μ

849 304 852 329 Ι

91 356 170 430 licet
185 349 321 449 cupido,
342 373 374 420 et
390 351 592 445 optimorum
611 351 646 419 in
664 348 894 443 rempublicam
910 346 996 435 fama
1037 346 1041 353 ’

93 457 306 538 meriturum:
329 474 512 545 quaequam
526 446 565 519 fit
577 450 665 521 exilis
679 473 711 522 et
726 456 823 522 totius
841 453 994 549 ponderis
1080 536 1082 541 ¹

93 580 208 635 vacua,
233 549 275 621 lic
305 547 478 621 confidera.
528 554 674 621 Omnem
697 574 801 629 terrae
829 552 997 641 ambitum,

93 655 183 729 ficuti
207 650 403 742 astrologicis
425 647 748 723 demonstrationibus
771 649 932 748 accepisti,
957 653 1014 724 ad.

94 756 179 830 coeli
204 749 354 848 spatium,
378 750 489 847 punsli
512 749 632 823 cunstat
659 753 806 825 obtinere
830 754 998 847 tationem,
1092 756 1095 765 '

95 851 202 938 idest,
225 876 262 922 ut
275 849 298 921 st
310 852 347 921 ad
361 848 501 923 coelestis
512 850 600 943 globi
614 856 874 945 magnitudinem
889 851 1000 923 conse·

95 979 204 1037 ratur,
222 953 303 1022 nihil
323 949 410 1050 spatii
429 947 558 1049 prorsus
579 952 696 1025 habere
708 954 878 1048 judicetur.
927 956 1000 1023 Hu·.

96 1056 150 1152 jus
165 1057 333 1144 igiturtam
344 1056 474 1144 exiguae
488 1056 522 1125 in
535 1042 814 1146 mundo'regiunis
831 1074 941 1151 quarta
955 1047 1003 1123 se·

97 1180 137 1227 re
160 1156 267 1252 portio
286 1151 347 1239 est,
373 1151 451 1223 ficut
469 1155 652 1247 Ptolemaeo
673 1154 833 1252 probante
854 1148 1003 1236 didicisti,

97 1282 180 1353 quae
195 1250 857 1346 *anobiscognitisanimantibttsincolatur.
911 1254 1003 1323 Huic

96 1378 246 1452 quartae,
268 1352 291 1424 st
312 1378 468 1451 quantum
488 1358 602 1439 maria,
623 1350 814 1451 paludesque
837 1348 1003 1449 premunt',

98 1479 321 1553 quartumque
340 1451 386 1525 stti
403 1451 591 1542 vasta'regio
605 1450 813 1538 distenditur,
837 1454 1004 1544 cogitatio·

97 1581 142 1630 ne
157 1552 360 1638 subtraxeris,
387 1558 436 1626 vix
454 1550 665 1647 angustissima
684 1553 883 1625 inhabitandi
897 1553 1004 1623 homi·

97 1656 196 1729 nibus
226 1680 295 1725 area
321 1656 532 1751 relinquetur.
590 1657 629 1723 Itt
652 1655 716 1724 hoc
739 1657 838 1747 igitur
864 1655 1004 1725 minimo

98 1753 214 1854 punsii
236 1757 379 1850 quodam
404 1751 530 1853 ‘punslo
561 1750 784 1850 circumsepti,
808 1775 903 1849 atque
930 1777 1006 1822 con·

100 1854 194 1938 clusi,
220 1856 260 1924 de
275 1856 488 1950 pervulganda
502 1849 606 1937 fallla,
630 1853 670 1926 de
685 1851 885 1950 proferendo
900 1855 1006 1925 numia

103 1978 146 2024 ne
160 1948 331 2042 cogitatis?
354 1961 396 2020 At
412 1954 591 2046 quidhabet
604 1977 654 2019 am
679 1953 759 2041 lum,
785 1950 1008 2039 magnificum·

104 2077 169 2147 que
182 2052 296 2143 gloria,
312 2071 377 2118 tam
389 2046 531 2138 angustis
545 1978 727 2142 exiguisque
743 2050 899 2118 limitibus
910 2046 1010 2119 arela-

103 2155 157 2223 ta?
185 2147 275 2219 Adde
289 2146 377 2243 quod
390 2149 454 2221 hoc
467 2141 571 2242 ipsum
586 2146 691 2217 brevis
708 2145 1015 2245 habitaculiseptum¹

103 2242 213 2351 'plures
228 2248 376 2318 incolunt
390 2251 551 2329 nationes,
574 2246 704 2336 lingua,
727 2246 884 2333 moribus,
909 2252 1009 2321 totius

105 2360 189 2421 vitae
201 2353 328 2420 >ratione
338 2343 503 2430 dillantes,
528 2346 568 2416 ad
581 2369 658 2442 quas
672 2368 741 2418 tum
757 2345 942 2420 difficultate
957 2352 1009 2420 iti·

105 2475 238 2536 nerum,
263 2468 334 2520 tum
351 2447 505 2545 loquendi
519 2443 711 2531 diversitate,
735 2470 805 2520 tum
819 2452 1008 2521 commercii

103 2548 286 2634 insolentia,
312 2574 380 2619 non
396 2548 496 2620 modu
510 2542 593 2619 fama
605 2547 778 2619 hominum
795 2546 1010 2640 fingulorum,

102 2650 154 2724 sed
177 2677 218 2722 ne
240 2651 372 2733 urbium
392 2649 526 2745 quidem
551 2651 721 2744 pervenire
741 2671 846 2742 queat.
896 2656 1011 2721 Aetate

106 2755 246 2847 denique
262 2754 368 2820 Marci
377 2749 494 2840 Tullii,
516 2744 595 2817 licut
606 2740 673 2841 ipse
680 2746 820 2843 quodam
837 2745 1011 2839 locofigni·

105 2852 197 2934 licat,
223 2850 370 2920 nondum
394 2842 573 2920 Caucasum
593 2868 741 2917 montem
766 2849 928 2919 Romanae
949 2851 1010 2921 rei-

107 2951 255 3048 publicae
275 2946 359 3020 fama
380 2945 634 3030 transcenderat,
659 2966 692 3015 et
712 2968 777 3016 erat
798 2970 875 3021 tunc
895 2950 1010 3023 adulta.

108 3051 235 3120 Parthis
248 3051 352 3133 etiam,
376 3042 566 3143 caeterisque
577 3046 608 3117 id
622 3046 769 3118 locorum
781 3048 1009 3142 gentibussor·

108 3143 273 3224 midolosa.
323 3146 464 3223 Videsne
478 3152 577 3241 igitur
592 3171 690 3244 quam
704 3145 743 3219 stt
757 3149 896 3245 angusta,
910 3176 1011 3248 quam

108 3245 288 3348 compressa
306 3248 423 3341 gloria,
449 3274 545 3346 quam
567 3272 745 3347 propagare
765 3276 800 3323 ac
816 3253 945 3323 dilatare
966 3251 1009 3333 la-

108 3351 251 3429 horatia?
265 3359 318 3423 An
333 3347 388 3421 ubi
400 3351 540 3421 Romani
554 3354 695 3423 numinis
708 3350 842 3435 transire
862 3348 1021 3442 samanee,

107 3455 196 3551 quit,
218 3454 360 3526 Romani
372 3451 521 3527 huminis
529 3451 630 3546 gloria
640 3453 888 3552 progredietur?
909 3451 1035 3614 Qud,Q

313 3574 317 3583 ·
542 3554 618 3650 (ἒς
931 3572 1006 3641 epu
