2280 3946
179 154 227 233 92
342 162 352 169 ·
520 129 744 201 LIBER
795 178 798 185 -

176 304 269 383 Deos
291 295 353 371 esse
377 299 538 371 convenit.
586 296 641 369 Est
657 300 757 391 igitur
775 298 958 396 praemium
979 294 1088 370 bono«.

33 472 39 479 .
122 460 128 477 ,
176 427 271 485 tum,
292 398 380 498 quod
395 397 503 471 nullus
517 399 637 472 deteret
649 400 734 487 dies,
758 398 875 473 nullius
888 401 1014 469 minuat
1027 424 1084 496 po·

177 498 290 589 testtp,
302 500 422 579 nullius
438 495 539 572 fuscet
558 499 765 599 improbitas,
778 502 868 573 Deos
879 496 960 575 fieri.
991 503 1084 599 Qee

175 599 393 690 eum'ittsmt,
420 601 461 673 de
475 601 634 673 melorum
651 625 784 698 quoque
796 596 997 698 inseparabili
1006 622 1083 696 poe·
1132 682 1134 701 Ι

176 729 220 779 ne
241 701 388 775 dubitet-e
410 700 532 801 sapiens
552 724 702 799 nequeat.
756 707 935 776 Nemeum
955 698 1082 771 bonu'm
1132 704 1134 711 '

99 860 103 867 -
175 804 384 900 malumque,
406 805 485 875 item
500 827 606 902 poene
628 818 723 900 atque
747 805 928 901 praemium
954 795 1081 872 adverse

110 942 112 949 ⁴
174 900 288 979 fronte
300 901 482 993 diffidant,
506 928 589 1002 quae
614 906 650 977 in
666 903 747 976 boni
771 905 917 1001 proemio
937 901 1082 977 videm!

175 1005 331 1093 occidere,
354 1005 465 1085 eadem
477 1001 600 1080 neeesse
613 1002 706 1081 estin
718 1005 793 1079 mali
805 1028 912 1103 poene
924 1003 1082 1074 contrarie
1132 1046 1134 1053 ι

154 1127 271 1203 parte
288 1098 512 1203 tespondetnt.
561 1110 653 1181 Sicut
683 1109 785 1201 igitur
805 1104 919 1202 probis
940 1102 1082 1202 probittt

173 1200 243 1301 ipsa
255 1200 293 1274 stt
307 1206 508 1302 praemium:
533 1209 576 1278 itt
589 1206 748 1305 improbis
769 1207 912 1302 nequitia
932 1199 997 1302 ipsa
1011 1197 1082 1300 sup·

173 1304 311 1405 plieium
332 1303 387 1377 est.
436 1310 510 1380 lent
532 1333 612 1380 vero
635 1309 780 1404 quisquis
800 1303 937 1378 afficitur
966 1326 1082 1400 poena,

173 1405 262 1481 melo
282 1399 314 1478 se
335 1402 489 1479 effebum
503 1406 566 1481 effe
587 1430 656 1480 non
672 1408 805 1480 dubitat.
856 1410 890 1478 Si
904 1407 1005 1498 igitur
1023 1397 1086 1475 sese

172 1503 235 1604 ipfi
251 1502 422 1589 existimati
439 1508 557 1595 velint,
578 1503 711 1606 possunt
730 1533 772 1580 ne
795 1506 853 1579 fibi
875 1503 1022 1602 supplicii
1035 1526 1085 1574 ex·

173 1626 284 1703 portes
303 1601 416 1688 videri,
436 1626 525 1698 ⁴quos
536 1610 689 1677 omnium
702 1609 862 1677 malorum
874 1625 1014 1675 extreme
1031 1625 1091 1675 ηε·

172 1704 278 1797 quitia
293 1725 363 1771 non
375 1696 473 1772 efficit
487 1703 611 1784 modo,
633 1706 858 1773 verumetiam
874 1700 1089 1774 vehementer

172 1796 402 1877 inficittvide
413 1820 523 1873 eutem
537 1797 804 1901 exadverstpttte
813 1800 990 1887 bonorum,
1002 1823 1089 1897 quae
1124 1886 1127 1891 Ι

175 1899 347 2005 improbos
360 1923 468 1998 poene
480 1903 668 1979 comitetur.
717 1904 828 1973 Omne
842 1924 984 1996 namque
996 1898 1087 1995 quod

174 1998 234 2090 fit,
256 2025 362 2076 unum
374 1996 447 2087 effe,
470 1998 642 2101 ipsumque
653 2022 760 2072 unum
774 2001 902 2072 bonum
921 1996 983 2071 effe
995 1999 1097 2097 peul-¹

175 2102 212 2176 lo
223 2126 299 2175 ante
312 2097 463 2174 didicisti:
474 2102 532 2173 eui
543 2095 745 2196 consequens
756 2095 812 2188 est,
825 2122 862 2171 ut
878 2123 977 2172 omne
996 2097 1086 2194 quod

173 2200 225 2290 fit,
239 2204 274 2274 id
285 2205 381 2287 etiam
390 2199 520 2272 bonum
536 2196 597 2272 effe
609 2201 762 2273 videatur.
812 2204 888 2274 Hoc
902 2202 1001 2292 igitut
1011 2223 1086 2271 mo·
1125 2210 1134 2275 ,ῐ

176 2302 241 2387 do,
264 2296 698 2395 quidquidebonodeficit,
722 2293 930 2370 effedefistit:
957 2316 1024 2396 quo
1040 2296 1086 2390 fit,
1130 2340 1134 2369 ÷

173 2420 217 2471 ut
230 2399 308 2470 mali
322 2392 537 2469 desinanteffe
552 2393 789 2491 quodfuerent.
840 2400 904 2469 Sed
920 2394 1014 2471 fuiffe
1026 2397 1086 2471 ho·

174 2500 284 2577 mines
300 2490 488 2592 adhueipsa
503 2492 798 2593 humani-eorporis
807 2493 925 2595 species
940 2495 1086 2571 ostentet.

174 2604 290 2701 Qete
304 2594 388 2673 verb
406 2596 443 2669 in
457 2594 630 2684 malitiam,
655 2595 832 2670 humanam
857 2620 988 2696 quoque
1005 2601 1087 2670 emi·

175 2698 248 2779 sere
266 2723 424 2775 naturam.
475 2694 632 2771 sedtum
650 2696 734 2770 ultre
749 2697 899 2771 homines
924 2698 1088 2797 qoemque

173 2803 362 2897 provehere
377 2795 441 2873 sole
454 2796 597 2899 probitas
612 2796 718 2898 poffit,
739 2796 862 2873 neeeffe
875 2796 929 2888 est,
953 2820 991 2871 ut
1003 2821 1089 2898 quoe

178 2902 221 2995 ab
232 2904 374 2977 humane
392 2901 586 2974 conditione
601 2901 732 3000 dejecit,
756 2896 844 2973 infra
863 2901 1007 2975 hominis
1021 2914 1089 2974 me·

177 3000 438 3076 ritumdettudat
453 2999 654 3098 improbitas.
679 3003 797 3075 Evenit
811 3004 922 3096 igitur,
936 3024 973 3072 ut
985 3024 1089 3098 quem

177 3096 448 3174 transformatum
469 3102 556 3173 vitiis
568 3104 693 3188 videte,
716 3100 888 3221 bomipem
909 3099 1088 3175 existimare

176 3224 249 3275 non
264 3197 371 3301 poffis.
418 3202 560 3274 Avaritia
575 3200 681 3277 fervet
694 3200 872 3276 alienarum
895 3228 999 3301 opum
1016 3205 1089 3277 vio·

178 3300 287 3377 lentue
304 3302 465 3403 ereptpr?
488 3300 625 3380 ssmilem
635 3304 708 3404 lupi
721 3303 850 3384 dixeris.
899 3307 1018 3391 Ferox,
1041 3323 1087 3375 et·

179 3414 245 3505 que.
258 3403 591 3510 inquietu‘olittgoent
605 3407 717 3507 litigiis
729 3408 879 3482 exercet?
903 3407 975 3480 ceni
995 3427 1088 3580 ceppi-

948 3526 1024 3605 pm
1047 3528 1087 3581 13·
