2280 3946
389 163 752 241 rrnrrvs.
972 188 1057 275 73,

120 342 373 433 pirmmaneant
383 332 483 407 modo
492 358 571 432 quae
585 334 693 434 paullo
706 333 932 413 ante'conclusa
941 337 1023 413 sunt.

120 439 331 535 Monebunt,
356 438 498 533 inquam.
545 442 694 523 Nonne,
718 441 850 536 inquit,
869 440 1024 514 monstra·

118 546 229 635 cimus
242 536 296 621 ea,
321 561 400 633 quae
414 558 608 636 appetuntur
624 540 640 609 i
655 537 819 638 pluribus,
836 540 960 616 idcirco
972 567 1025 614 ve·

125 634 380 741 riperfeiiaque
394 638 481 711 bona
499 663 567 711 non
581 635 662 723 effe,
683 644 839 737 quoniam
853 640 871 710 ir
890 639 921 713 se
940 645 1025 717 invi..

126 767 198 817 cem
218 734 458 837 discreparent,
480 764 619 841 cumque
639 741 727 815 alteri
748 737 863 818 abeffet
882 741 1028 829 alterum,

123 842 279 943 plenum,
299 835 544 938 absolutumque
556 841 682 914 bonurn
704 837 820 924 afferre
833 867 902 914 non
916 838 1029 943 posse?

125 948 223 1017 Tum
244 963 351 1013 autem
373 966 485 1013 verum
511 941 636 1014 bonum
657 940 754 1026 fieri,
775 967 852 1014 cum
873 946 909 1014 in
931 966 1030 1013 unam

126 1044 227 1117 veluti
241 1036 400 1131 formam3
423 1064 517 1138 atque
530 1038 734 1117 efficientiam
752 1041 969 1141 colliguntur,
993 1060 1032 1115 ut

126 1136 416 1243 quae-sufficientia
432 1140 494 1231 est,
518 1142 627 1216 eadem
646 1140 684 1217 fit
697 1146 860 1243 potentia,
882 1164 1034 1217 reveren·

126 1248 188 1329 tit,
212 1242 351 1326 claritas,
375 1267 469 1339 arque
483 1242 675 1341 jucunditas.
724 1242 798 1317 Nifi
818 1269 897 1320 vero
916 1266 1032 1332 unum,

130 1366 224 1443 uque
234 1342 322 1419 idem
338 1345 446 1415 omnia
455 1340 526 1429 fint,
550 1344 633 1416 nihil
647 1341 775 1428 habere,
800 1368 867 1441 quo
881 1347 968 1416 inter
981 1367 1034 1416 ex·
1059 1374 1064 1385 ·

101 1490 104 1495 -
134 1442 267 1543 petenda
283 1465 505 1519 numerentur.
533 1438 800 1533 Demonstratutp
815 1440 870 1536 est,
888 1445 1034 1540 inquom,

134 1566 191 1617 occ
205 1540 345 1617 dubitari
361 1541 541 1643 ullomodo
559 1537 675 1643 potest.
728 1546 820 1643 Qrae
833 1545 943 1639 igitir,
956 1566 1035 1615 cum

128 1638 326 1743 ¹discrepant,
353 1644 489 1715 minime
511 1642 597 1715 bona
616 1637 707 1729 sunt3
732 1668 809 1717 corn
827 1668 907 1716 vero
928 1668 1035 1715 unum

130 1738 191 1815 effe
219 1743 404 1839 coeperint,
428 1740 512 1815 bona
532 1737 632 1813 fiunt:
656 1765 769 1817 noune
787 1745 866 1817 haec
888 1766 925 1815 ut
949 1743 1035 1816 bona

129 1840 210 1937 ¹fint,
233 1844 362 1929 unitatis
386 1838 457 1915 fieri
482 1840 656 1942 adeptione
682 1839 873 1936 contingit?
896 1849 962 1924 Ita,
986 1848 1036 1914 in·

128 1939 410 2041 ,quam-'viderur
463 1939 525 2017 Sed
540 1963 640 2015 omne
653 1941 741 2033 quod
761 1938 955 2026 bonumest,
977 1941 1036 2011 bo·

128 2044 165 2125 ui
180 2040 429 2141 participatione
439 2037 564 2110 bonum
576 2033 638 2109 effe
647 2036 806 2123 concedis,
819 2063 860 2110 an
875 2040 1036 2110 minime?

125 2130 178 2229 ,ire
189 2135 247 2215 est.
295 2142 436 2234 Oportet
451 2139 552 2231 igitur
567 2134 654 2211 idem
663 2132 725 2211 effe
740 2161 855 2227 unum,
869 2160 965 2234 atque
982 2138 1040 2211 bo·

131 2234 633 2335 numfimssirationeconcedas.
680 2235 801 2309 Eadem
814 2263 955 2337 namque
969 2233 1041 2311 sub·

132 2334 245 2413 statutio
258 2334 303 2408 est
318 2356 442 2424 eorum,
467 2359 610 2434 quornm
626 2335 811 2409 neutraliter
831 2366 900 2413 nou
925 2336 971 2414 est
990 2340 1040 2413 di·
1071 2390 1074 2395 -

133 2434 243 2513 versuo
257 2432 404 2513 effetius.
453 2442 603 2529 Negare,
623 2437 779 2533 inquam,
804 2463 942 2538 nequeo.
965 2444 1040 2515 No·

134 2538 214 2613 stine
229 2540 345 2631 igitur,
369 2539 492 2635 inquit,
517 2561 616 2609 omne
631 2536 720 2634 quod
733 2535 797 2626 est,
822 2562 888 2611 tam
902 2542 957 2616 diu
971 2565 1039 2610 ma·

134 2664 213 2713 nere
228 2661 322 2733 atque
339 2633 519 2726 subfistere,
544 2660 642 2735 quam
657 2636 717 2709 diu
731 2634 769 2709 fit
781 2661 902 2723 unum;
927 2634 979 2708 sed
990 2639 1040 2707 in·

134 2742 232 2813 terire
243 2762 336 2832 atque
350 2735 474 2809 dissolvi
495 2739 624 2838 pariter,
646 2756 742 2832 atque
756 2759 859 2808 unum
875 2734 937 2807 effe
947 2731 1040 2815 desti-

80 2832 95 2873 ·’
128 2842 234 2913 ¹terit?
260 2843 414 2937 Qtonam
427 2830 555 2913 modo?
576 2840 623 2908 Vt
640 2832 676 2905 in
693 2834 898 2927 animalibus,
921 2836 1040 2933 inquit,

127 2936 209 3027 {cum
223 2941 258 3033 in
280 2964 383 3011 unum
407 2950 546 3028 coeunt,
569 2958 604 3006 ac
629 2956 822 3035 permanent
840 2941 947 3009 anima
969 2960 1043 3009 cor·

80 3032 85 3133 f
127 3064 279 3141 purique,
303 3040 337 3110 id
358 3038 632 3117 animaluocatur.
684 3039 770 3108 Cum
785 3038 953 3111 verohaec
965 3028 1045 3108 iani·

80 3148 82 3153 ’
134 3162 184 3213 tas
200 3144 371 3237 utriusque
388 3137 418 3211 se
444 3139 586 3213 aratione
602 3131 801 3227 dissolvitur,
819 3140 966 3225 interire,
982 3160 1044 3209 nec

80 3233 83 3273 ³
127 3238 202 3337 jam
228 3234 290 3315 effe
318 3166 442 3313 animai,
453 3239 568 3336 liquet.
629 3240 645 3308 1
668 3230 741 3323 sum
768 3263 902 3339 quoque
923 3261 1044 3336 corpus

95 3384 98 3393 ·
135 3364 215 3415 cum
236 3342 274 3413 in
295 3364 359 3414 una
392 3335 528 3425 forma,
550 3260 779 3417 memgrorum
801 3334 1045 3437 conjunstione,

104 3450 107 3455 ⁵
126 3430 317 3545 immet,
329 3443 472 3517 humana
484 3432 733 3539 vifiturspecies.
753 3446 800 3517 At
812 3436 838 3513 fi
849 3436 1045 3531 distributae,

111 3554 118 3583 ¹
314 3543 317 3549 ¹
586 3542 658 3633 Ες
782 3554 825 3619 ,’
942 3533 1054 3628 (eupe-
