2280 3946
101 84 104 91 ’
198 116 251 209 34
359 162 363 167 .
489 97 862 229 ·L113E1c15

128 334 131 339 ,
200 273 371 346 hemenrer
384 267 538 341 admiror.
588 267 676 367 Qrid
690 263 736 340 est
749 265 840 340 enim
852 288 965 341 carens
986 268 1107 349 animae

197 393 312 458 motu,
333 393 430 467 atque
440 367 667 440 membrorum
681 391 856 466 compage,
882 368 975 466 quod
990 371 1106 444 anima·

201 493 269 558 tae,
298 467 543 567 rationabilique
557 490 686 541 naturae
701 468 880 566 pulchrum·
896 465 963 540 elle
973 467 1056 564 jure
1070 474 1105 541 vi·

203 571 341 644 deatur?
366 575 458 742 (qaae
485 565 607 642 tametli
624 571 805 642 conditoris
824 563 897 643 sunt
919 593 1032 666 opera,
1054 566 1104 642 sui·

204 696 269 769 que
285 667 400 742 distin&
415 674 490 742 ione
518 665 696 766 postremae
712 667 837 766 aliquid
855 669 1105 766 pulchritudinis

204 773 355 857 trahunt,
379 768 466 842 infra
478 767 611 842 vestram
633 791 741 841 tamen
768 770 986 842 excellentiam
1010 771 1105 843 collo·

204 892 305 958 carae,
326 870 575 942 admirationem
588 866 723 941 vestram
731 868 824 942 nullo
832 868 932 942 modo
940 869 1106 944 merebar·

204 994 269 1041 tur.
290 1016 294 1027 ·
319 976 373 1040 An
382 992 598 1062 votagrorum
612 969 821 1069 pulchritudo
833 965 991 1047 deleblatl
1008 968 1106 1072 Qrid·

202 1072 260 1144 ni?
285 1066 340 1139 Est
358 1073 448 1144 eninr
494 1070 683 1145 ulcherrimi
705 1069 812 1168 operis
833 1069 969 1168 pulchra
985 1072 1108 1166 portio.

204 1171 258 1239 Sic
280 1095 558 1264 quondamAEreni
571 1176 667 1241 maris
680 1166 956 1263 faciegaudcmus:
984 1166 1108 1245 ficcoc·

201 1265 294 1359 lum,
314 1266 429 1355 fidere,
453 1269 579 1356 Solem,
602 1274 794 1365 Lunamque
810 1271 982 1342 miramur.
1012 1273 1109 1345 Nun

200 1386 239 1442 te
257 1367 378 1439 horum
396 1367 516 1465 aliquid
528 1371 672 1462 attingit,
696 1393 777 1441 num
798 1368 896 1439 audes
914 1368 1051 1462 alicujus
1068 1391 1108 1443 ta·

202 1465 286 1540 lium
301 1465 474 1566 splendore
493 1468 649 1561 gloriari?
681 1475 735 1539 An
760 1469 866 1538 vernis
886 1467 1025 1540 floribus
1043 1464 1111 1566 ipse

203 1565 433 1658 distingueris?
453 1589 508 1635 aut
521 1585 575 1636 tua
593 1570 628 1638 in
637 1564 770 1637 aestiuos
783 1562 909 1637 faustus
923 1565 1113 1641 intumescit

200 1664 351 1734 ubertas?
373 1662 463 1760 Qud
476 1662 622 1733 inanibus
633 1662 757 1755 gaudiis
780 1658 929 1759 raperis?
961 1666 1042 1756 quid
1058 1691 1114 1741 ex.

200 1783 296 1831 terna
310 1760 397 1832 bona
415 1785 478 1858 pro
505 1761 573 1831 tuis*
591 1759 803 1859 amplexaris?
837 1762 1032 1857 Numquam
1053 1787 1096 1836 tu

201 1855 296 1932 faciet
309 1855 370 1930 elle
382 1852 528 1948 fortuna,
536 1863 615 1956 quae
630 1859 691 1933 itte
706 1881 933 1934 naturarerum
943 1858 1112 1937 fecitalie·

201 1984 254 2035 na.
306 1965 487 2033 Terrarum
500 1958 634 2057 quidem
652 1954 779 2032 frustus
798 1959 1010 2033 animantium
1031 1986 1110 2059 pro·

202 2060 357 2134 culdubio
372 2060 532 2134 debentur
545 2061 715 2134 alimentis.
770 2057 832 2130 Sed
846 2056 887 2139 fi,
912 2058 1001 2154 quod
1016 2083 1108 2135 natu·

202 2185 258 2231 rae
282 2158 352 2231 satis
369 2158 429 2246 est,
460 2161 585 2255 replere
606 2158 816 2251 indigentiam
839 2158 937 2240 velis,
956 2158 1041 2229 nihil
1060 2158 1107 2233 cll

201 2258 293 2354 quod
319 2255 470 2329 fortunae
497 2253 693 2329 affluentiam
714 2266 833 2352 petas.‘
883 2256 995 2329 Paucis
1015 2263 1107 2333 enim

201 2359 413 2450 minimisque
434 2377 544 2425 natura
560 2374 712 2425 contenta
726 2350 788 2423 est:
818 2352 910 2447 cujus
933 2352 1106 2439 satietttein

201 2449 412 2551 lisuperfluis
426 2478 542 2546 urgere
556 2453 651 2544 velis,
684 2474 737 2551 aut
758 2451 989 2546 injucundum,
1015 2458 1106 2556 quod

202 2551 380 2636 infuderis,
394 2551 467 2645 fiet,
489 2575 542 2623 aut
556 2556 701 2626 noxium.
749 2555 820 2623 Iam
833 2576 913 2625 vero
925 2555 1106 2654 pulchrum

200 2659 295 2725 variis
310 2650 437 2746 fulgere
455 2650 591 2725 vestibus
604 2672 711 2749 putas:
744 2665 881 2748 quarum
896 2653 919 2725 fi
942 2678 1032 2749 grata
1057 2663 1105 2733 in·

199 2758 287 2827 tuitu
301 2749 418 2851 species
433 2750 495 2839 est,
517 2774 572 2822 aut
591 2754 740 2823 materiae
760 2776 922 2842 naturam,
944 2777 998 2828 aut
1014 2761 1106 2855 inge·

197 2857 293 2926 nium
313 2853 457 2931 mirabor
476 2849 615 2925 artificis.
666 2856 723 2924 An
735 2877 813 2926 vero
827 2854 944 2949 longus
959 2859 1049 2932 ordo
1061 2856 1105 2933 ft·

123 2976 126 2985 ·
197 2953 367 3023 mulorum
380 2946 459 3021 facit
471 2947 533 3022 elle
552 2946 707 3025 felicem?
733 2956 799 3054 Qti
821 2953 845 3026 si
871 2954 975 3028 vitiofi
989 2960 1106 3033 mori·

197 3049 259 3121 bus
284 3044 372 3134 sunt,
401 3050 580 3147 perniciosa
604 3051 721 3126 domus
741 3050 875 3143 sarcina,
905 3079 936 3128 et
958 3054 1019 3154 ipsi
1045 3060 1104 3141 du*

195 3150 290 3219 mino
310 3148 521 3224 vehementer
547 3156 695 3225 inimica:
721 3150 767 3226 sm
784 3179 863 3226 vero
883 3156 998 3252 probi,
1019 3184 1103 3257 quo-

194 3270 270 3318 nam
286 3249 386 3322 modo
400 3254 434 3325 in
450 3256 513 3325 tuis
531 3253 648 3354 opibus
663 3253 763 3326 aliena
782 3255 925 3352 probitas
952 3282 1103 3334 numere·

194 3346 309 3423 bitur?
332 3354 380 3429 Ex
394 3353 509 3455 quibus
525 3353 677 3431 omnibus
691 3353 774 3428 nihil
793 3355 933 3448 horum,
965 3361 1101 3458 quaein

402 3500 410 3513 ·
1029 3481 1096 3534 tul!
