2280 3946
345 158 706 241 nunu-rvr.
922 194 975 268 49

8 322 10 327 '
65 315 177 409 caussa,
188 318 249 395 seu·
256 320 449 423 proferendi
463 329 605 399 nominis
616 350 742 426 petunt.
790 334 830 404 In
844 332 894 405 his
909 338 967 430 igi·

8 450 22 517 ᾗ·
56 442 141 511 sur,¹
159 422 352 522 caeterisque
372 425 487 499 talibus
509 429 726 502 humanorum
741 426 887 518 eduum,
913 463 967 510 vo-

21 592 24 597 .
66 540 244 623 totumque
254 524 396 600 versatur
412 530 559 611 intentio,
574 531 670 601 veluti
685 532 848 615 nobilitas,
862 531 966 610 favor·

65 646 131 720 que
151 626 334 723 popularis,
361 652 441 723 quae
461 628 612 699 videntur
629 632 786 726 quandam
806 635 965 710 claritudi-

22 746 25 753 ·
56 747 144 795 trem
155 746 368 824 comparum
393 752 493 812 uxor,
507 753 551 809 ¹ac
568 728 681 824 liberi,
706 734 761 828 qui
783 733 964 829 jucundita-

58 824 102 895 ¹3¹
114 825 222 917 Μ
240 848 407 925 petuntur.
456 832 648 901 Amicorum
670 857 766 918 vero,
788 834 876 926 quod
898 830 965 904 san·
1016 848 1020 853 ’
1116 886 1119 893 .

56 916 235 1007 ,ίίιίίίιιιιινη
252 929 381 1023 quidem
394 950 498 1019 genus
510 924 575 1012 est,
600 934 717 1003 nonin
734 929 883 1022 fortuna,
910 928 964 1004 sed

49 1022 227 1129 :btyirtute
248 1050 447 1103 numeratur.
495 1030 666 1124 Reliquum
688 1055 765 1101 vero
782 1030 832 1109 vel
851 1054 978 1127 poten-⁸
1037 1102 1039 1107 ,

38 1118 249 1209 ..ructum
271 1128 323 1198 vel
338 1125 552 1199 delrslarionis
570 1127 745 1200 assumitur.
795 1133 862 1199 lam
884 1154 963 1203 vero

54 1228 208 1323 mopmie
225 1226 310 1297 bona
326 1248 518 1325 promptum
532 1229 595 1309 est,
620 1251 657 1298 ut
672 1229 710 1303 ad
726 1224 889 1322 superiora
910 1252 962 1301 re·
1099 1237 1102 1242 '

56 1314 214 1401 fiuntur·
288 1325 402 1398 Robur
424 1329 511 1397 enim
532 1327 787 1421 magnitudoque
809 1328 960 1399 videntur

27 1420 215 1519 afflare
235 1426 429 1504 valentiam-z
455 1425 668 1524 pulchritudo
691 1446 785 1521 atque
809 1426 959 1496 velocitas

45 1520 294 1605 ,addentem
327 1523 513 1609 salubrius,
552 1524 757 1621 voluptatem.
829 1524 959 1623 Quibus

38 1622 207 1701 “nundus
240 1623 339 1705 solam
374 1623 602 1697 beatitudinem
639 1620 809 1694 defidenri
841 1624 958 1720 liquet.

38 1720 137 1793 ,Νιίιι
149 1721 248 1819 Lquod
260 1723 395 1820 quisque
407 1728 619 1820 praecaeteris
628 1726 719 1821 petit,
743 1723 775 1793 id
791 1719 956 1813 summum

30 1818 167 1917 Μίαν
188 1820 322 1895 bonum.
374 1824 435 1895 Sed
457 1821 618 1893 summum
645 1821 769 1894 bonum
787 1821 956 1895 beatitudi-

38 1930 125 2015 ’,Μ
142 1916 210 1993 esse
228 1919 408 1993 definimus.
470 1926 578 2020 Quare
599 1921 729 1993 beatum
749 1918 812 1991 else
833 1922 953 2014 judicat

21 2012 174 2105 Μίαν,
187 2044 288 2117 quem
304 2045 381 2118 prae
397 2026 529 2097 caeteris
542 2016 676 2116 quisque
691 2016 853 2092 defiderat.
882 2026 952 2089 Ha-

21 2114 223 2213 ·,rkigitut
234 2143 307 2192 ante
321 2121 433 2194 oculos
446 2116 643 2217 propostam
656 2116 726 2190 fere
743 2113 886 2189 sormam
903 2114 952 2190 fe·

11 2308 13 2315 Ι
38 2213 358 2309 Ἐαήοίιυιηνῃνε,
381 2241 470 2316 opes,
495 2219 648 2302 honores,
670 2220 859 2313 potentiam,
882 2217 963 2310 glo.

11 2314 148 2417 [effla
172 2319 364 2416 voluptates.
414 2322 505 2418 Qra'e
517 2316 650 2411 quidem
669 2314 731 2388 sola
745 2315 950 2401 considerans

11 2414 229 2523 ilffiuruc,
251 2417 482 2515 consequenter
496 2415 552 2488 fibi
572 2411 734 2489 summum
755 2415 879 2489 bonum
893 2443 949 2490 vo·

43 2510 273 2615 Ι,ψίνειπείίε
286 2517 458 2602 constituit,
475 2517 562 2613 quod
581 2541 701 2590 caetera
714 2519 823 2589 omnia
835 2519 949 2612 jucun·

11 2602 180 2713 l-„ffltrtem
203 2624 311 2692 animo
337 2620 503 2689 videantur
524 2615 650 2692 afferre.
701 2619 762 2688 Sed
784 2618 823 2687 ad
842 2618 949 2686 homi·

119 2714 243 2821 'studia
256 2741 416 2791 revertor:
433 2742 575 2814 quorum
586 2721 712 2787 animus
723 2714 778 2787 etst
792 2714 949 2806 caligante
1065 2798 1068 2811 Ι

133 2822 231 2903 orie,
256 2841 363 2890 tamen
388 2817 512 2890 bonum
536 2814 698 2887 summum
727 2817 866 2911 repetit3
884 2809 946 2914 ¹sed

33 2918 262 3017 :rtldtebtiun¹
276 2920 412 2991 domurn
427 2943 494 3015 quo
508 2919 634 2988 tramite
647 2936 838 2996 revertatur,
853 2917 946 3004 igno·

91 3070 100 3086 .
152 3022 241 3092 Nam
265 3024 352 3091 enim
378 3020 527 3092 videntur
554 3037 664 3087 errare
684 3016 741 3098 hi,
766 3016 822 3110 qui
840 3012 946 3085 nihilo

85 3118 192 3211 ligere
206 3123 381 3191 nituntur?
398 3121 498 3218 Atqui
515 3113 636 3190 nonest
649 3115 731 3187 aliud
742 3113 829 3213 quod
844 3137 945 3208 aeque

78 3216 199 3293 rficete
218 3219 451 3293 beatitudinem
464 3216 574 3318 poffit,
599 3242 695 3316 quam
716 3208 864 3314 copiosus
887 3214 944 3284 bo·

12 3331 164 3435 florum
182 3325 331 3393 omnium
344 3317 438 3391 stotus
451 3376 460 3406 ,
474 3344 545 3392 -nec
563 3320 656 3392 alieni
677 3341 791 3410 egrnm
819 3312 869 3386 sed
885 3310 943 3384 fibi

13 3524 15 3529 Ι
36 3412 98 3519 φίί
112 3414 283 3497 sufficiens.
332 3424 429 3493 Num
442 3444 543 3591 vertnD
539 3418 692 3497 labuntur
706 3420 742 3490 bi
749 3471 759 3505 ,
783 3417 840 3514 qui
852 3412 942 3582 quqd

118 3596 121 3601 ,
194 3582 198 3587 .
913 3532 943 3582 rt
