2242 3952
374 114 794 253 Tuurtvt*
950 169 999 247 79

97 322 191 397 clavo
208 317 384 416 gubetuare
400 317 471 415 jure
490 316 653 402 credatur,
677 314 849 413 eademque
874 320 996 414 omnio,

97 423 192 496 ficuti
206 423 317 507 docui,
342 414 522 503 ad'bonum
548 413 686 494 naturali
711 417 889 515 intentione
911 415 994 492 sesti·

96 547 204 613 nent,¹
218 521 444 595 numdubitoti
459 517 579 618 potest,
605 520 684 614 quin
693 516 870 588 voluntarie
883 545 996 617 regan·
1018 554 1026 561 ·

100 649 170 711 tur,
194 620 291 720 seque
307 622 345 693 ad
365 618 560 718 disponentis
577 642 705 711 nutum,
727 617 826 688 veluti
847 624 996 694 con'v'etti·

95 727 203 809 entia,
234 743 534 820 contemperataque
554 716 693 802 sessori,
729 715 843 816 sponte
863 742 997 792 conver·

94 846 176 919 tunt.
225 827 288 910 Ita,
313 825 463 921 inquam,
482 817 677 893 necesseest:
701 843 761 893 nec
775 818 903 891 beatum
914 822 998 913 regi·

93 920 432 1017 menessevideretur3
456 916 866 1020 fiqqidemdetredluntium
881 918 998 1014 jugum

96 1020 205 1111 soret,
230 1048 297 1096 non
311 1015 714 1122 obtemperantium‘salus.
762 1018 859 1088 Nihil
880 1015 925 1095 esl
939 1021 999 1112 igis

96 1146 174 1210 tor,
199 1124 286 1221 quod
304 1141 452 1199 naturam
466 1115 605 1211 servans,
627 1122 702 1193 Deo
721 1116 999 1199 con't't'oire'eon'e·
1089 1174 1092 1183 -

93 1243 166 1299 tut.
216 1223 325 1315 Nihil,
339 1228 482 1324 inquant
509 1216 512 1221 ’
533 1215 667 1324 Quodsi
682 1240 828 1307 conetur,
841 1218 895 1321 ait,
913 1247 999 1299 nutu
1083 1234 1086 1241 '

93 1323 227 1411 tandem
241 1322 391 1425 proficiet
411 1320 588 1425 quidquam
613 1318 758 1397 adversus
778 1349 871 1427 eunt,
896 1346 998 1422 quem

90 1423 169 1522 jure
184 1423 392 1500 beatitudinis
412 1422 665 1529 putentiffimum
682 1420 742 1497 esse
763 1412 998 1504 concessimus?
1055 1470 1062 1481 ae

90 1520 246 1614 Prorsus,
270 1528 420 1624 inquam,
445 1529 529 1603 nihil
546 1527 673 1601 valeret
722 1518 873 1609 Nonest
897 1524 999 1620 igitur

91 1624 235 1723 aliquid,
280 1628 368 1722 quod
390 1622 618 1703 summo-huie
638 1624 727 1699 bono
756 1622 805 1703 vel
819 1622 925 1717 'v'elit,
948 1622 1000 1695 vel

91 1722 363 1826 pollitobstslere.
414 1730 508 1812 Non,
523 1727 666 1823 inquom,
675 1723 828 1798 arbitror.
878 1722 1008 1817 Elligi·

89 1848 170 1911 tur,
191 1827 317 1925 inquit,
338 1822 500 1913 summum
513 1824 659 1912 bonum,
684 1823 772 1921 quod
786 1824 871 1916 regit
884 1819 1000 1903 cundla

95 1918 239 2007 fortiter,
261 1920 459 2021 suaviterque
476 1920 627 2023 disponit.
675 1929 769 2017 Tum
789 1947 870 2017 ego,
892 1948 999 2019 quant,

96 2020 251 2118 inquam,
275 2044 330 2088 me
347 2046 417 2088 non
431 2021 529 2095 modo
542 2046 588 2107 eo,
601 2046 684 2119 quae
697 2012 904 2108 conclustest‚
916 2020 1002 2119 sum-¹

96 2145 151 2194 ma
169 2119 349 2204 rationum,
362 2119 599 2203 ¹vet'umotulto
611 2124 711 2213 magis
721 2122 797 2207 haec
815 2118 880 2221 ipsa
894 2120 1000 2212 verbo,
1041 2188 1045 2193 .

94 2217 217 2321 quibus
230 2216 341 2313 uteris,
364 2213 538 2303 deledltnt,¹
549 2239 589 2290 ut
602 2218 730 2299 tandem
744 2214 913 2317 aliquando
925 2218 1001 2294 slus·

94 2325 201 2394 titiam
215 2339 330 2408 magna
345 2317 512 2389 latrantem
529 2313 576 2393 sui
589 2318 721 2418 pudeat.¹
766 2318 934 2419 Accepisli,
951 2324 1001 2395 itt·

94 2423 187 2519 quit,
211 2420 246 2489 in
258 2412 377 2491 sabtdis
393 2413 585 2490 lacessenteis
598 2418 726 2491 coelum
742 2421 919 2517 Gigantes:
945 2418 1001 2516 sed

81 2523 169 2596 ¹iilos
188 2542 339 2618 quoque,
363 2540 400 2589 ut
412 2517 613 2613 condignum
634 2513 715 2608 suit,
745 2515 1000 2617 benignasotti·

83 2623 172 2705 ¹tudo
194 2615 350 2719 deposuit.
389 2618 469 2691 'Sed
490 2616 577 2693 vifite
594 2621 735 2693 rationes
758 2617 838 2718 ipsos
860 2618 1000 2695 in'vieetn

77 2720 308 2805 ‚collidamusl
334 2712 470 2792 sotsttatt
486 2742 523 2793 ex
544 2718 735 2815 hujusmodi
755 2713 1000 2801 couflidlatiotte

82 2821 228 2925 pulchro
242 2817 396 2916 qutedottt
410 2820 552 2913 veritatis
567 2815 701 2890 scintilla
722 2813 857 2889 dissiliet.
907 2820 1000 2908 Tuo,

81 2926 249 3017 inquom„
262 2917 424 3011 arbitratu.
477 2922 605 3000 Deum,
636 2918 753 3015 inquit,
769 2914 831 2992 esle
847 2920 999 3009 omnium

81 3016 591 3120 potentemnemodubitavetit.'
627 3019 694 3113 Qui
702 3016 1000 3119 qttidem,ittquam',

82 3138 204 3191 mente
219 3110 379 3213 consistat,
402 3110 648 3216 nullusprotsus
664 3118 810 3211 ambigat.
864 3124 931 3223 Qti
945 3146 999 3199 ve·

80 3244 131 3299 ro
155 3211 219 3303 est,
240 3220 364 3315 inquit,
383 3221 534 3291 omnium
556 3240 694 3317 potens,
719 3218 801 3313 nihil
820 3214 884 3304 est,
907 3221 998 3318 quod
1048 3243 1050 3247 ·

75 3320 146 3392 ille
168 3342 237 3389 non
258 3314 364 3417 possit.
421 3320 534 3407 Nihil,
559 3320 703 3417 inquam.
759 3322 875 3407 ¹Num
897 3321 997 3421 igitur

75 3420 180 3494 Deus
204 3414 460 3524 sacereemalutn
480 3414 634 3529 poteslj:
658 3422 820 3531 Minime,
849 3421 887 3517 itt¹
908 3445 996 3513 uam.

372 3549 375 3555 ·
924 3520 999 3612 uu
