2280 3946
72 94 168 272 '35
355 156 682 237 -w'atuou
807 114 881 125 ”

108 335 347 416 oatotaehaec
359 316 505 406 conditio
520 327 581 418 est,
603 352 641 402 ut
664 350 735 403 tum
750 349 875 404 tantum
896 333 1029 410 'caeteris

13 466 16 477 ¹
105 437 252 526 -rebus,
266 431 384 508 cumse
397 426 581 527 cognoscit,
612 429 759 503 excellat:
784 433 898 509 eadem
920 452 1027 513 tamen

117 537 211 641 ¹insta
224 535 336 633 bestias
350 535 533 627 redigatur,
558 527 626 603 sase
639 527 729 605 nosse
743 531 878 606 deflerit.
937 528 1038 613 Nam¹

109 642 256 716 ‚coeteris
269 634 482 710 animantibus
495 628 556 706 sese
568 636 861 726 ignorare,natura
879 633 950 726 est3
976 640 1028 714 ho·

123 739 268 827 minibus
282 763 377 826 vero,
400 737 480 807 vitio
494 736 593 807 venit.
650 736 761 833 Quam
789 749 866 807 vero
891 736 962 808 late
983 764 1028 839 pe-

124 835 288 933 tet'uesier
312 840 367 909 hic
382 859 493 922 error,
515 836 572 930 qui
592 837 704 905 ornari
723 832 814 932 posse
837 835 1031 935 aliquida-

110 941 286 1015 inameotis
306 932 487 1009 existimatis
512 935 646 1007 alienis?
684 939 730 1005 At
754 935 789 1006 id
809 932 881 1007 fieri
905 942 1030 1038 nequit.

114 1046 219 1112 Nam
235 1035 352 1133 siquid
367 1058 408 1106 ex
425 1032 577 1133 appofitis
592 1036 693 1107 iuceat
705 1028 771 1133 ipsa
792 1036 938 1133 quidem,
955 1062 1038 1137 quae·

112 1135 202 1227 suot
222 1133 379 1234 opposta,
409 1134 598 1224 laudantur;
628 1132 709 1205 iliud
728 1158 806 1206 vero
826 1136 876 1207 his
898 1136 1031 1229 tedium,

113 1259 225 1333 atque
240 1236 380 1308 velatum
396 1236 433 1307 io
451 1230 505 1305 sua
531 1234 635 1305 nihilo
654 1236 765 1327 minue
784 1232 940 1312 foeditate
960 1264 1032 1342 pet·

128 1338 242 1410 durat,
275 1338 453 1427 ¹Egoveto
472 1333 650 1428 negoillud
671 1330 733 1407 esse
757 1334 901 1423 bonum,
933 1338 1033 1439 quod

116 1458 247 1510 -ooceat
260 1434 402 1507 habenti.
451 1440 550 1505 Num
564 1432 597 1506 id
619 1434 787 1508 mentior?
809 1441 965 1528 Minime,
989 1443 1035 1515 in·

129 1540 233 1634 quiea.
285 1538 387 1632 Atqui
404 1533 534 1621 divitiae
552 1531 785 1629 possidentibus
810 1534 963 1634 persaepe
981 1564 1037 1621 no·

130 1657 288 1723 cuerunt,
312 1658 386 1706 cum
401 1627 551 1727 pessimus
563 1635 718 1724 quisque,
739 1655 848 1729 coque
862 1635 956 1708 alieni
972 1664 1039 1713 ma·

131 1738 318 1831 gitavidus,
336 1727 494 1824 quidquid
508 1723 640 1822 usquam
653 1732 742 1816 auri,
767 1756 972 1824 gemmarum
983 1763 1005 1808 e

116 1833 164 1910 ·.se
176 1833 294 1943 solum,
314 1830 372 1921 qui
386 1823 507 1909 habeat,
523 1823 741 1921 dignissimum
751 1852 854 1929 putat.
905 1836 965 1904 Tu
981 1839 1040 1931 igi.

131 1926 1040 2125 dudd}s⁰31⁰t2⁰st3ffizii2d¹dsi2dissidii

132 2126 195 2211 ses,
221 2150 329 2197 coram
348 2125 472 2197 latrone
489 2150 641 2203 mumma.
701 2128 909 2228 Opraecsara
933 2156 1039 2230 opum

119 2226 318 2301 rattortaiiutu
339 2223 525 2316 beatitudo,
546 2250 644 2325 quam
670 2251 747 2301 cum
770 2230 903 2329 adeptus
923 2227 1040 2330 fueris,

119 2322 333 2405 ·secutusesse
348 2320 486 2405 desistis!
538 2362 542 2367 ·
712 2326 715 2331 ’

397 2564 688 2635 ueaavu
744 2566 781 2627 ι
857 2530 860 2535 ’

235 2703 338 2807 Felix
349 2731 478 2797 nmium
489 2730 579 2825 prior
592 2738 688 2813 dtas,

265 2832 438 2897 'Contenta
449 2821 591 2916 fidelibus
608 2834 706 2913 aruis,
809 2864 813 2870 ·

286 2929 352 2996 Nec
364 2931 460 2996 inerti
467 2925 595 3024 perdita
610 2929 709 3012 luxu,-

285 3024 381 3094 Facili
401 3048 481 3122 quat
498 3022 570 3117 scra
582 3024 704 3122 solebat

284 3125 401 3217 sejunia
405 3123 529 3220 fiiloera
535 3126 661 3224 glande.

287 3225 354 3293 Nec
366 3225 518 3296 Bacchica
537 3218 667 3297 munera
686 3249 781 3302 norat
870 3264 873 3269 ·
923 3260 926 3264 ·
967 3250 970 3257 '
1035 3278 1039 3287 ·

284 3323 418 3420 It'qut'do
431 3325 619 3419 confundere
636 3329 733 3412 melle,

289 3424 355 3493 Nec
367 3423 470 3495 lucida
493 3426 609 3497 vellera
622 3427 736 3498 Serum
