2280 3946
111 160 237 287 'a‘
385 184 766 281 ovnnnva
984 200 1095 279 .ae·

108 343 222 445 ‘quod
234 369 313 419 veto
331 345 371 419 ab
383 348 442 419 hae
456 346 573 434 deficit,
592 347 653 423 elle
679 354 794 445 etiam,
816 352 905 448 quod
931 355 966 425 in
989 348 1038 427 sui

103 458 110 473 ”
130 471 245 523 natura
262 442 357 521 fitum
379 444 443 535 est,
466 450 670 549 derelinquit.
711 458 786 524 =Sed
813 451 960 550 pollent,
989 457 1039 527 in-

129 550 335 645 quies,mali;
361 575 419 623 nee
437 575 498 642 ego
512 555 643 649 quidem
661 557 861 645 negaverim:
891 551 943 624 sed
958 558 1039 628 haee

129 672 248 720 eanum
260 658 408 745 ¹potentia
422 676 490 722 non
509 656 528 723 it
546 652 678 745 viribus,
693 651 743 724 led
762 653 801 725 ab
824 653 1039 726 imbecillitate
1114 714 1118 721 .

126 743 307 827 descendit.
357 749 489 823 Pollunt
508 754 596 823 enim
611 756 710 836 mala,
735 779 818 850 quae
834 757 969 824 minime
987 779 1041 826 va-

126 848 245 936 lerent,
259 836 281 918 fi
296 854 329 919 in
344 850 508 923 bonorum
524 850 691 924 efficientia
708 879 837 925 manete
852 851 1040 950 potuissent.

130 952 228 1053 Quae
242 948 427 1046 pollibilitas
442 977 496 1024 eos
512 956 691 1027 evidentius
707 954 788 1027 nihil
805 950 894 1052 polle
906 955 1040 1025 demon-

129 1046 219 1125 strat,
264 1056 355 1121 Nam
378 1050 412 1135 fi,
426 1057 474 1123 uti
487 1055 595 1151 paullo
614 1080 688 1128 ante
704 1055 903 1146 collegimus,
919 1054 1042 1125 malum

130 1150 280 1233 nihilest,
295 1177 370 1223 eum
386 1155 466 1225 mala
483 1151 858 1253 tantummodopollum,
874 1155 956 1225 nihil
971 1147 1042 1251 pos·

132 1244 167 1325 fe
182 1250 352 1350 improbos
368 1254 476 1352 liquet.
510 1252 718 1353 Perspicuum
732 1252 785 1324 est.
821 1263 930 1351 Atque
943 1276 980 1324 ttt
993 1278 1044 1325 m·

134 1350 272 1444 alligas,
299 1378 454 1447 quaenam
474 1350 512 1425 fit
529 1356 625 1451 hujus
647 1357 811 1451 potentiae
832 1361 892 1423 via:
914 1350 1043 1426 summo

137 1446 224 1522 bono
242 1453 324 1528 nihil
337 1455 505 1552 potentius
520 1452 594 1536 elle,
618 1451 727 1550 paullo
741 1473 815 1527 ante
831 1451 1044 1525 definivimus.

137 1550 185 1623 Ita
200 1548 262 1634 est,
287 1558 430 1649 inquam.
478 1555 540 1629 Sed
556 1554 661 1635 idem,
685 1555 803 1649 inquit,
825 1553 946 1623 malum
961 1548 1046 1623 face·

133 1672 172 1719 te
187 1650 310 1747 oequit',
342 1658 495 1725 Minime.
526 1649 581 1723 Est
595 1657 705 1745 igitur,
718 1655 834 1748 inquit,
850 1652 971 1747 aliquis,
988 1655 1050 1749 qui

133 1754 247 1825 omnia
259 1748 346 1848 polle
362 1755 512 1829 homines
522 1755 641 1851 putet?
659 1749 734 1823 Nili
743 1756 816 1848 quis
829 1750 974 1836 inlaniat,
990 1777 1047 1823 ne·

131 1844 220 1924 most
248 1858 349 1951 Atqui
366 1855 463 1927 iidem
476 1849 608 1950 pollunt
623 1852 712 1923 mala.
754 1856 890 1923 Vtinam
902 1853 1046 1947 quidem,

133 1950 290 2045 ¹inquam,
314 1978 384 2025 tion
398 1947 548 2047 pollent!
573 1957 659 2025 Cum
675 1953 775 2042 igitur
795 1950 962 2021 bonorum
978 1973 1046 2021 tan·

127 2051 310 2137 uomodo
333 2064 449 2148 potens
476 2048 571 2152 pollit
592 2052 720 2136 omnia3
745 2073 814 2121 non
834 2073 912 2119 vero
927 2067 1048 2144 queant

133 2152 247 2219 mimia
263 2172 410 2244 potentes
423 2152 518 2225 etiam
534 2150 713 2221 malorum:
739 2146 888 2231 eosdem,
913 2153 970 2245 qui
982 2174 1050 2220 ma·

134 2245 334 2345 la'pollunt,
360 2255 468 2321 minus
481 2246 572 2347 polle
584 2244 792 2321 manifestum
806 2246 861 2318 est.
911 2253 987 2320 Huc
998 2274 1048 2320 ac·

134 2348 233 2431 eealit,
246 2349 336 2444 quod
351 2374 485 2421 omnem
499 2352 681 2447 potentiam
694 2352 781 2420 inter
794 2351 972 2448 expetenda
988 2375 1049 2421 nu·

124 2450 333 2534 metandam,
348 2456 521 2551 omniaque
533 2449 709 2553 expetendq
725 2444 844 2523 referri
859 2450 899 2520 ad
912 2449 1049 2538 bonum,

135 2546 279 2621 velutad
300 2551 463 2644 quoddam
483 2570 615 2623 naturae
629 2545 701 2623 suae
714 2575 887 2630 cacumen,
911 2547 1051 2620 ostendi·

135 2672 224 2722 mus.
275 2651 502 2748 Sed-patrandi
523 2646 647 2720 sceleris
670 2646 852 2744 poffibilitas
874 2645 990 2721 referri
1010 2649 1050 2722 ad

99 2750 107 2761 “
136 2747 266 2821 bonum
288 2777 356 2822 non
372 2748 487 2848 potest.
511 2749 696 2841 Expetenda
717 2751 817 2838 igitur
828 2771 898 2819 non
911 2744 965 2818 est.
993 2754 1051 2817 At·

120 2852 198 2946 'qui
217 2855 323 2923 omnis
338 2856 482 2947 potentia
506 2847 684 2947 expetenda
703 2843 759 2917 est.
808 2848 926 2942 Liquet
948 2849 1050 2940 igitur

137 2949 562 3049 malorumpoffibilitatem
583 2972 652 3021 non
676 2943 739 3019 elle
759 2949 950 3049 potentiam.
1002 2952 1050 3019 Ex

137 3050 259 3145 quibus
271 3051 602 3126 omnibusbonorum
616 3047 753 3145 quidem
766 3049 927 3146 potentia,
953 3049 1057 3120 malo«

103 3166 107 3177 '
136 3174 217 3221 rum
247 3175 325 3223 vero
353 3156 491 3229 min-ime
516 3148 698 3223 dubitabilia
725 3170 856 3246 apparet
874 3145 1054 3221 infirmitas.

138 3252 264 3325 Veram
276 3253 365 3324 illam
376 3252 517 3323 Platonis
532 3246 594 3325 elle
608 3246 796 3321 sententiam
809 3248 927 3344 liquet,
948 3248 1053 3337 Solos,

137 3350 232 3445 quod
255 3349 459 3437 defluerent,
482 3348 586 3424 faeere
614 3347 704 3450 polle
726 3349 906 3447 sapientes:
928 3351 1053 3446 impro-

137 3447 201 3525 bos
215 3476 299 3527 ¹teto
322 3476 471 3529 exercem
486 3452 619 3551 quidem
632 3451 723 3549 quod
742 3448 852 3523 libeat:
866 3450 955 3546 quod
972 3473 1052 3521 vero

191 3592 194 3597 ·
584 3555 613 3624 F
642 3576 662 3651 5
933 3545 1058 3620 uelint.-
