2242 3952
291 134 656 255 To'uttvs.
876 178 922 268 σς

65 328 171 405 essere
183 294 330 430 nequeat,
350 332 446 403 etiam
468 333 503 404 id
519 333 610 430 quod
632 333 768 407 maxime
780 318 918 433 herebat,

65 456 126 505 ene
139 428 200 505 effe
214 431 341 506 definit.
375 470 379 483 ·
391 432 543 504 Similiter
560 435 744 506 ratiocinati
760 436 799 507 de
812 439 917 513 hono-

65 530 557 630 ta‚gloria,voluptatibua·licet.
608 539 695 606 Nam
711 560 914 612 cumanum-

65 634 160 731 dque
174 634 297 704 horum
314 632 425 718 ¹idem,·
440 628 530 739 q‘t'tod
545 656 675 728 caetera,
702 630 749 721 fir,
770 641 913 734 quisquis

65 760 127 806 utn
144 732 265 828 aliquid
278 727 345 806 fine
358 723 597 832 caeteii'tpetit,
617 760 658 806 ne
678 734 756 806 illud
772 739 916 831 quidem,

65 837 90 905 d
115 832 286 920 defidetan
306 835 527 932 apprehendit.
602 837 689 935 Quid
713 839 837 929 igitur?
864 842 915 910 in·

65 958 111 1004 tn.
164 937 197 1004 Si
218 938 290 1029 quis
304 931 419 1005 consta
442 931 534 1007 finiul
555 940 662 1033 cupiat
682 931 848 1032 adipisci‚s
899 974 915 994 ·

65 1055 88 1103 n
103 1035 236 1128 quidem
243 1034 296 1107 ille
309 1033 512 1107 beatitudinis
525 1035 615 1106 velit:
641 1031 695 1107 sed
709 1052 789 1106 num
805 1039 839 1106 in·
857 1039 909 1108 hie

65 1164 70 1203 ι
89 1137 248 1230 reperiet,
271 1158 353 1232 quae
366 1132 663 1222 demonstravimus,
682 1134 726 1228 id,
735 1135 823 1232 quod
837 1136 909 1233 pol-

65 1252 156 1320 itur,
171 1259 241 1309 nott
262 1231 353 1333 poffe
373 1232 552 1306 conferte?
596 1238 738 1307 Minime
760 1238 907 1332 inquam.

65 1337 111 1403 ti's
130 1338 240 1426 igitur,
260 1358 341 1430 quae
355 1331 475 1427 [iugulo
489 1355 634 1429 quaeque
649 1332 906 1429 expetendorum

65 1429 158 1501 :stare
171 1433 360 1515 creduntur,
375 1430 537 1505 beatitudo
554 1431 644 1501 nullo
662 1429 764 1501 modo
777 1431 906 1506 investi·

65 1530 101 1601 ia
114 1529 172 1602 est.
224 1532 511 1628 Fateoninquam,
525 1551 558 1623 et
572 1530 635 1600 hoc
662 1528 745 1601 nihil
762 1529 824 1601 dici
850 1557 907 1602 ve·

86 1629 202 1727 potest.
218 1620 220 1629 ¹
254 1631 367 1703 Habes
380 1634 491 1724 igitur,
513 1632 630 1726 inquit,
643 1651 675 1701 et
689 1624 830 1702 formant
848 1628 904 1701 fal-

65 1728 230 1817 feiicitatis,
240 1754 272 1802 et
287 1728 416 1801 caussas:
441 1727 575 1798 defleste
590 1734 726 1800 nuncin
742 1727 909 1804 adversum

65 1833 117 1899 itis
140 1833 311 1911 intuitum3
338 1827 383 1899 ihi
398 1831 485 1903 enim
502 1853 623 1910 terant,
642 1854 738 1924 quam
760 1828 908 1925 promifi-

65 1952 80 2014 t,
94 1922 197 1995 statim
220 1924 352 1996 videbis.
403 1930 503 2019 Atqui
514 1927 602 2005 haec,
615 1931 760 2021 inquam,
775 1930 823 1996 vel
840 1956 908 2000 cae·

65 2021 225 2121 perspicua
237 2019 293 2107 est,
312 2044 448 2117 eantque
461 2044 507 2091 tu
527 2023 634 2118 paullo
651 2042 726 2093 ante
744 2023 906 2096 monstra-

65 2124 146 2194 dunt
166 2115 257 2191 falste
276 2120 482 2191 beatitudinis
505 2116 619 2191 caussas
636 2126 761 2219 aperite
774 2125 908 2196 conaba-

96 2225 199 2306 Nam,·
220 2222 256 2290 ni
278 2217 383 2311 failor,
396 2242 433 2288 ea
454 2244 528 2289 vera
545 2214 654 2304 est,<et
678 2218 821 2318 perfeeia
835 2221 908 2296 ieli-

65 2350 88 2409 ι,
111 2344 192 2416 qnae
218 2314 651 2414 sufficientem,·potentetn‚
679 2324 908 2413 reverendum,
975 2322 977 2327 ’

65 2420 164 2507 brem,
185 2420 368 2514 laetumque
384 2412 542 2517 perficiat.
584 2429 711 2516 ‘Atque
732 2443 768 2491 ut
790 2411 843 2495 tne
857 2427 908 2496 in·

65 2544 94 2593 ta
117 2514 371 2594 animadvertisse
398 2516 588 2612 cognoscas,
613 2544 695 2616 quae
716 2545 821 2592 unum
844 2525 908 2594 ho-

67 2623 251 2717 ‚quoniam
273 2620 360 2691 idem
390 2616 505 2691 euntia
528 2615 611 2706 sunt,
638 2623 792 2689 veracitet
805 2644 907 2714 *prae-

65 2750 70 2792 ε
89 2719 214 2819 potest,
237 2721 321 2792 hanc
346 2712 408 2791 effe
436 2720 565 2817 plenam
587 2716 821 2788 beatitudinem
838 2715 907 2788 fine

65 2826 199 2914 ignitate
213 2810 382 2912 cognosco.
434 2822 466 2886 Ο
481 2840 513 2888 te
526 2818 656 2915 alumne
669 2815 730 2884 hae
744 2816 906 2912 opinione

65 2946 121 2990 etn
141 2915 261 3005 sentio,
299 2916 456 3017 fiquident
474 2916 560 2997 hoc,
591 2916 708 3010 inquit,
739 2915 904 3010 adjeceris.

65 3020 183 3093 dnam?
207 3021 358 3115 inquam·
403 3011 518 3087 Essene
531 3014 651 3111 aliquid
667 3017 702 3084 in
718 3014 768 3085 his
786 3039 906 3088 morta-

65 3143 78 3187 s
95 3117 288 3215 caducisque
300 3116 397 3189 rebus
413 3138 516 3214 putas,
540 3114 631 3212 quod
645 3115 839 3209 huiusmodi,
849 3113 907 3187 sta·

79 3213 174 3316 poffit
188 3211 330 3288 afferre?
353 3219 507 3299 Minime,
520 3218 664 3313 inquam,
679 3218 781 3313 ptito;
800 3214 910 3309 idque,

65 3380 66 3395 ,
93 3316 176 3388 nihil
198 3340 235 3387 ut
258 3316 398 3414 amplius
415 3314 634 3400 *defideretur3
669 3311 833 3407 ostensum
850 3313 907 3390 est.

65 3442 80 3492 c
96 3420 197 3514 igitur
217 3419 268 3495 vei
279 3420 435 3514 magnes
449 3421 516 3494 teri
538 3417 631 3509 boni,
649 3417 700 3492 tel
716 3410 908 3516 imperfeiia

514 3520 544 3594 Ε
812 3536 912 3613 ψει
