2242 3952
394 210 512 280 Pul
538 192 692 280 va's.
948 234 989 310 13

93 402 190 477 quam
206 368 258 450 uti
268 376 403 481 alicujus,
413 373 536 451 sceleris
555 373 744 450 admistione
758 370 926 472 fuscarent,
949 379 994 452 ob
1051 350 1058 366 .

92 480 249 573 ambitum
264 481 426 572 dignitatis
442 477 608 572 sacrilegio
622 504 675 555 me
692 475 916 553 conscientiam
924 481 996 579 pol·

47 584 50 615 ³
93 575 182 652 luisse
214 583 356 653 mentiti
379 575 472 652 sunt.³
513 583 615 676 Atqui
646 601 679 650 er
712 601 746 648 tu
778 577 868 653 infita
890 580 997 668 nobis,

89 706 227 754 omnem
250 704 364 755 retunt
396 680 586 752 mortalium
603 679 806 779 :cupidinem
830 681 871 751 de
893 680 1019 755 noliti‘

47 778 50 817 f
93 786 196 853 aniani
211 778 280 852 sede
288 781 437 879 pellebas·
458 778 491 853 et
505 775 562 855 sub
577 780 755 853 taisooulis
771 776 935 873 sacrilegio
950 781 998 853 lo·

91 907 168 954 cum
186 879 250 952 elle
268 876 317 953 sas
336 907 404 954 non
424 894 501 957 e'r'at.
555 879 724 968 lnslillsbas
747 882 837 952 enim
857 879 1011 970 auribus,-

56 1076 61 1083 ,
92 983 407 1082 cogitationibusque
427 982 573 1081 quotidie
596 986 676 1057 meis
695 981 950 1077 Pythagoricum
963 981 999 1052 il·

93 1084 151 1153 lud
175 1086 237 1159 ἕπε
250 1088 356 1180 usu!
383 1090 459 1157 Nec
475 1083 688 1158 conveniebat
709 1080 930 1159 viliffimorutn
944 1104 1000 1154 mc

94 1180 267 1282 spirituum
288 1183 441 1285 praesidia
462 1208 606 1284 captare,
631 1209 729 1281 quern
745 1205 780 1254 tu
802 1185 836 1255 in
854 1185 936 1253 hanc
949 1206 1001 1256 ex·

95 1285 275 1359 cellenriam
297 1286 530 1386 componebas,
556 1308 593 1377 ut
608 1282 812 1377 vconstttailem
828 1288 903 1355 Deo
917 1278 1001 1355 sace·

97 1407 158 1457 tes.
207 1391 374 1459 Praeterea
394 1385 555 1482 penetrale
568 1384 725 1456 innocens
740 1383 873 1491 domus,
894 1383 1000 1457 hone·¹

96 1480 302 1558 slissttnorum
324 1510 435 1558 coetus
456 1490 654 1576 amicornm,
677 1480 768 1575 socer
789 1482 1001 1579 Symmachus

67 1628 71 1634 ι
95 1578 227 1675 sanslus,
243 1610 384 1686 eratque
398 1581 472 1658 altu
486 1582 557 1684 ipso
571 1584 768 1661 reverendus
778 1574 927 1657 abotri'ni
940 1607 1001 1657 nos
1097 1640 1101 1649 .

95 1684 192 1780 hujus
212 1691 357 1761 criminis
370 1684 559 1786 suspicione
583 1683 773 1771 defendunt,
820 1684 885 1785 Sed
906 1678 926 1753 ὃ
945 1706 1017 1756 ue·¹

94 1781 158 1857 fas!
184 1788 231 1857 illi
246 1814 323 1861 veto
332 1791 374 1861 de
389 1811 420 1860 te
435 1792 513 1859 tanti
522 1789 669 1858 criminis
682 1782 783 1858 fidem
798 1784 941 1883 capiunt,
957 1805 1011 1862 at-¹

97 1907 160 1985 gne
172 1887 235 1956 hoc
248 1885 317 1983 ipso
328 1886 438 1975 affines
454 1884 548 1959 suilse
561 1888 714 1973 ¹ridemur
725 1876 898 1977 malefici03
913 1884 1004 1979 quod

100 1983 163 2048 tuis
186 1985 304 2055 imbuti
325 1983 514 2077 disciplinis,
540 1988 603 2054 tuis
624 1983 761 2067 instituti
785 1983 933 2053 moribus
956 1978 973 2052 s
991 2019 1004 2037 -
1047 2037 1050 2041 .

98 2103 184 2152 mus.
236 2083 284 2148 Ita
304 2077 435 2149 nonest
454 2077 522 2148 satis
545 2080 628 2147 nihil
644 2083 726 2149 milti
742 2075 901 2174 profuisse
917 2101 1006 2152 tuam

95 2181 320 2266 reverentiam,
343 2174 401 2248 nili
413 2175 501 2247 ultro
517 2198 552 2247 tu
566 2200 635 2250 mea
648 2181 758 2274 potius
769 2175 948 2271 offensione
963 2180 1006 2251 la·

96 2282 224 2349 cereris.
275 2289 320 2350 At
335 2304 413 2365 vero
430 2276 484 2348 hic
495 2279 594 2359 etiam
615 2274 732 2352 nollris
746 2277 839 2369 malis
857 2279 1005 2351 cumulus

98 2379 236 2461 accedit,
259 2378 347 2473 quod
367 2374 555 2447 existimatio
571 2376 793 2475 plurimorum
803 2405 874 2472 nun
891 2406 1005 2454 rerum

96 2481 228 2561 merita,
245 2475 300 2565 sed,
313 2475 464 2551 fortunae
485 2472 603 2574 spesiar
623 2504 796 2576 eventum3
821 2505 921 2576 eaque
936 2505 1004 2552 tan·

95 2577 289 2674 tumjudicst
302 2576 363 2651 elie
377 2572 523 2675 provisa,
551 2603 632 2676 quae
648 2575 779 2655 felicitas
796 2581 1005 2665 commenda·
1100 2650 1103 2657 ,

95 2679 188 2751 verit.
240 2685 317 2851 (sm
335 2677 383 2762 fit,
396 2701 432 2750 ut
445 2675 1005 2774 existimatiobonaprimoomnium

94 2777 216 2851 deserat
225 2782 257 2850 in
275 2780 377 2852 elices.
429 2781 496 2875 Qui
504 2779 592 2851 nunc
605 2779 720 2877 populi
733 2800 894 2869 rumores,
908 2800 1007 2872 quarn

94 2877 262 2966 dissonae,
288 2875 544 2978 multiplicesque
566 2874 769 2970 sententiae,
798 2878 888 2972 piget
908 2880 1005 2951 remi·

95 2975 185 3056 nisti.
235 2985 312 3051 Hoc
327 3005 453 3069 tantum
474 2979 628 3057 dixerim:
653 2977 800 3052 ultimam
811 2974 880 3059 else'
894 2979 1005 3053 adrer-

96 3076 146 3153 sae
159 3078 309 3156 fortunae
322 3076 495 3165 sarcinam,
520 3077 610 3175 quod
631 3076 710 3152 dum
729 3074 851 3153 miseris
875 3079 1006 3177 aliquod

96 3184 223 3256 crimen
244 3178 427 3276 affingitur,
451 3205 533 3279 quae
559 3175 746 3280 perferunt,
771 3177 922 3259 metuisse
937 3206 1005 3253 ere·

96 3283 232 3361 duntur.
306 3289 348 3355 Et
362 3308 423 3377 ego
441 3280 573 3380 quidem
592 3279 687 3355 bonis
711 3280 864 3354 omnibus
884 3276 1004 3380 pulsus,

96 3385 307 3478 dignitatibus
330 3408 452 3469 exutus,
467 3379 699 3457 existimatione
711 3379 867 3462 foedatus,
884 3381 927 3454 ob
945 3381 1005 3456 be-

94 3482 252 3589 neficium
276 3484 470 3587 supplicium
491 3482 570 3581 tuis
591 3526 594 3533 ·
614 3484 739 3578 Videte
760 3490 873 3555 autern
890 3480 1011 3640 uide}

193 3628 196 3633 .
260 3602 263 3607 ·
939 3596 1041 3641 nea·
