2280 3946
207 179 261 272 50
470 160 473 167 '
546 157 817 239 LI‘BEfk'·
919 186 924 197 1
1054 128 1057 139 Δ
1131 114 1134 123 1

213 337 253 416 fit
275 333 455 438 optimum}
478 331 512 407 id
534 324 635 408 etiarn
648 328 952 421 reverentiae'tultu
972 331 1110 428 digniffif

212 463 321 527 mum
328 435 469 537 putant?
494 437 639 508 minime.
689 439 810 532 Neque
829 436 916 507 enim
940 433 1004 505 vile
1019 434 1109 531 quid·

53 628 57 637 ,
210 541 297 628 darn,
311 534 649 632 contemnendumque
661 530 715 622 est,
729 537 819 632 quod
826 529 952 634 adipisci
959 537 1108 606 omnium

42 662 45 667 ·
82 646 120 711 '.
213 637 287 713 fere
300 637 486 733 mortalium
497 634 618 708 laborat
627 636 777 712 intentio.
827 644 879 706 An
888 638 922 705 in
935 632 1110 712 bonisnon

211 736 261 812 eid
275 734 472 811 numeranda
492 737 673 834 potentia?-
683 735 772 836 Quid
792 729 920 829 igitur?
937 737 1034 805 Num
1050 737 1109 805 im·

200 837 382 919 berillum,
412 861 449 908 ac
467 833 533 908 fine
550 833 916 909 viribu'tuestimandum
937 829 998 922 est,
1024 831 1134 930 quod*

210 934 367 1010 omnibus
380 936 476 1007 rebus
489 930 611 1008 constat
624 932 685 1007 effe
697 928 932 1034 praestantius?
955 939 1009 1005 An
1024 936 1113 1009 clati·
1128 962 1132 969 ·

192 1056 200 1066 '
214 1034 295 1108 tudo
320 1033 416 1106 nihili
427 1035 598 1134 pendenda
616 1033 690 1106 est?
712 1034 776 1108 Sed
789 1030 974 1130 sequestrari
987 1036 1112 1131 nequit,

198 1136 302 1230 “quin
311 1156 410 1205 omne
423 1135 513 1230 quod
528 1131 818 1209 excellentiffimum
835 1130 890 1220 fit,
910 1132 944 1203 id
956 1135 1056 1206 etiam
1069 1135 1113 1205 vi·

105 1268 110 1282 ι
198 1234 328 1329 ¹deutur
351 1229 413 1302 effe
429 1230 642 1306 elariffimurn.
689 1238 780 1303 Nam
799 1257 869 1304 non
893 1229 954 1303 effe
977 1224 1134 1317 anxium·

215 1328 405 1428 tristemque
421 1328 668 1415 beatitudinem,
691 1356 751 1404 nee
764 1330 931 1405 doloribus
947 1328 1114 1405 molestiis·
1131 1330 1134 1339 '

216 1453 283 1529 que
298 1426 482 1530 subiestam,
506 1431 585 1529 quid
598 1435 710 1504 attinet
724 1431 841 1525 dicere,
862 1432 992 1529 quando
1005 1434 1041 1503 in
1054 1432 1134 1504 mi·

216 1534 316 1602 nimis
340 1540 470 1625 quoque
493 1530 589 1602 rebus
606 1532 645 1601 id·
664 1534 847 1627 appetitur,
872 1529 960 1627 quod
985 1530 1115 1617 habete,-

213 1624 349 1722 fruique
376 1623 531 1697 delestet?
554 1631 655 1723 Atqui
674 1631 752 1699 haee
769 1625 863 1711 sunt,
886 1651 968 1721 quae
985 1628 1120 1726 adipisci¹

216 1726 367 1798 homines
381 1724 513 1811 volunt3
536 1739 636 1822 eaque
648 1726 689 1796 de
704 1722 804 1795 caum
820 1725 956 1805 divitias,
978 1723 1113 1818 dignita¹

60 1854 64 1859 ·
214 1844 276 1906 tes,
289 1845 399 1915 regna,
414 1822 552 1914 gloriam
565 1818 1010 1921 voluptatesquedefidertnt,
1023 1849 1092 1920 quo

207 1928 279 2020 'pet
292 1923 372 1993 haec
386 1919 442 1993 fibi
450 1917 679 2007 sufficientiam
692 1924 915 2014 reverentiam,
926 1926 1115 2019 potentiam·

36 2060 40 2073 =
98 2063 106 2079 ·
216 2020 444 2107 celebritatem,
460 2022 609 2095 laetitiam
618 2020 753 2094 eredunt
766 2017 828 2092 effe
841 2042 1020 2097 vennuam.
1056 2027 1112 2093 Bn-

218 2148 301 2196 num
316 2120 362 2194 est
374 2125 491 2214 igitur,
516 2122 606 2217 quod
618 2143 683 2196 tam
699 2118 828 2193 diverfis
842 2117 952 2191 studiis
967 2123 1113 2194 homine

183 2287 185 2291 ,
219 2242 352 2318 petunt:
376 2227 412 2293 in
426 2243 493 2314 quo
506 2215 674 2314 quantafit
690 2238 820 2290 naturae
832 2219 890 2301 vir,
918 2213 1009 2291 facile
1023 2244 1117 2292 mon·¹

220 2318 350 2405 stratur,
374 2342 449 2387 curn
469 2317 541 2385 licet
555 2319 658 2389 variae
681 2312 923 2413 diffidentesque
937 2313 1117 2409 sententiae·

205 2438 327 2490 tamen
342 2419 378 2489 in
391 2414 563 2510 deligendo
578 2413 660 2489 boni
673 2413 739 2488 fine
750 2413 974 2494 consentium
1027 2447 1028 2450 ¹
1130 2458 1134 2469 -

1127 2504 1134 2543 i

467 2658 764 2714 METRVM
822 2664 868 2718 11.

192 2884 196 2891 .
316 2775 478 2921 Qanrat
492 2844 600 2894 rerum
613 2821 864 2918 fleduthubeuas

367 2926 629 3020 Naturapotrrts,
651 2922 760 3024 quibus
771 2932 955 3031 t'mmmfum·

368 3016 497 3115 Legibus
509 3018 612 3093 orbem
629 3024 763 3124 prouida
770 3025 890 3125 seruet,

367 3117 572 3216 Stringatque
591 3123 689 3223 ligant
702 3125 866 3224 irresoluto
901 3196 903 3203 .

365 3215 492 3313 Singula
503 3243 605 3318 nexu,
621 3223 722 3323 placet
734 3246 849 3326 arguto

366 3310 487 3390 Fidibus
496 3319 588 3411 lentis
603 3340 747 3421 promere
763 3346 868 3405 cantu.

905 3586 908 3592 .
997 3536 1134 3667 Qum!
