2242 3952
126 204 177 286 42
468 182 694 257 LIuER

68 338 75 353 ’
122 352 217 453 qood
239 347 434 425 diversorum
459 349 620 444 gentium·
628 370 735 424 mores
758 351 847 424 inter
865 348 922 440 se,
947 377 1027 459 etque

121 454 266 527 institute
295 447 502 541 discordum
533 473 571 522 ut
596 453 685 548 quod
707 453 792 550 opud
825 455 915 527 alios
940 458 1028 555 laude

122 556 210 654 opud
223 555 299 625 alios
321 550 357 625 su
382 552 479 651 plicio
503 550 639 646 <lignum
656 553 829 648 judicetur.
886 561 974 658 Qm
992 560 1028 657 fir,

122 679 161 727 ut
185 653 208 726 fi
232 678 330 751 quent
352 578 457 726 binae
476 652 669 751 praedicatio
698 650 850 738 delestrt,
876 656 1028 744 huic,it

30 804 32 809 -
119 756 280 856 plurimos
307 753 448 853 populos
472 776 594 824 nomen
613 749 786 853 proferre,
811 754 915 831 nullo
937 762 1027 836 morlo

120 855 289 928 conducat.
338 856 411 925 Erit
427 855 526 947 igitur
547 876 713 952 pervagato
726 858 811 926 inter
834 853 920 931 suos
933 850 1036 954 glot-iti

117 952 254 1053 quisque
269 976 459 1042 contentus,
482 976 515 1024 et
529 956 613 1026 intro
631 957 727 1026 unius
744 957 854 1049 gentis
865 967 1028 1053 'terminu

115 1057 277 1154 praeclara
291 1056 340 1125 illa
355 1050 458 1126 famae
477 1055 696 1128 immortalitas
710 1052 953 1134 cotrstabitur.
976 1064 1028 1137 sel

116 1180 216 1252 quom
233 1154 353 1226 multos
367 1150 549 1227 clarillimos
565 1152 626 1226 suis
635 1154 840 1254 temporibus
852 1162 950 1234 viros
964 1161 1036 1236 serii

75 1294 78 1299 ·
112 1277 252 1353 prorum
277 1258 374 1354 inops
403 1254 518 1326 delevit
539 1255 683 1334 oblivio!
711 1263 930 1355 Quamquam
979 1264 1024 1337 uil

113 1350 181 1452 ipsa
196 1353 310 1453 scripte
327 1351 523 1454 proficiunt,
548 1380 722 1450 quaecum
749 1353 811 1426 suis
836 1360 946 1437 tusto

112 1458 235 1554 premit
253 1456 400 1549 longior,
421 1476 518 1552 atque
538 1450 673 1528 obscura
694 1454 857 1532 vetustas?
885 1468 963 1537 Vos
978 1490 1020 1537 tu·

113 1577 181 1627 tem
191 1556 464 1627 immortalitatem
474 1555 563 1626 vobis
580 1558 1016 1654 propagerevidemirsscnn

110 1651 216 1726 futuri
241 1653 358 1728 famam
377 1656 699 1750 temporiscogitotis.
750 1660 856 1757 Qtod
879 1660 906 1734 fi
930 1667 1010 1737 adie-

110 1746 427 1825 ternitatis'infinira
457 1748 553 1850 spotia
577 1752 772 1850 pertrailes,
797 1763 889 1853 quid
924 1764 998 1846 lubet

109 1856 201 1951 quod
219 1854 258 1925 de
280 1857 327 1926 tui
342 1854 487 1927 nominis
502 1838 710 1926 diulurnitate
725 1857 891 1934 laeteris?
922 1868 1005 1936 Voiu

109 1957 199 2025 enim
210 1979 302 2026 moro
317 1955 486 2040 momenti,
511 1950 533 2022 li
546 1953 656 2024 decern
671 1954 812 2026 millibus
827 1963 1013 2038 conferatur

108 2057 217 2141 annis,
244 2057 396 2154 quoniam
418 2076 593 2150 utrumque
612 2050 747 2150 spatium
764 2054 952 2136 definitum
972 2062 1019 2155 est,

104 2159 277 2231 minimam
298 2156 387 2236 licet,
411 2152 505 2224 habet
527 2176 634 2223 tamen
656 2157 791 2248 aliquam
813 2165 1018 2252 portionem

106 2262 152 2326 At
168 2256 221 2325 hic
235 2250 300 2351 ipsc
314 2276 469 2325 numerus
488 2275 666 2343 annorum,
688 2250 816 2351 ejusque
840 2276 1019 2353 quantum:

105 2354 186 2426 libet
206 2352 392 2449 multiplex,
414 2350 452 2419 ad
472 2352 740 2425 interminabilem
761 2356 1019 2437 diuturnitatem

104 2477 149 2525 ne
174 2453 355 2550 comparari
378 2449 509 2547 quidem
531 2449 644 2546 potest.
693 2458 823 2525 Etenim
846 2458 961 2536 finitis
981 2466 1017 2537 etl

102 2550 292 2628 seinvicem
318 2548 419 2623 fuerit
448 2549 618 2647 quredont5
643 2550 762 2626 infiniti
781 2579 891 2648 tero,
918 2587 1015 2664 atque

99 2652 197 2745 finiti,
223 2654 308 2724 nulla
324 2674 479 2747 umquem
491 2655 611 2748 poterit
624 2650 685 2725 elle
700 2655 841 2731 collatio.
891 2666 953 2736 Ita
968 2664 1012 2751 lit,

99 2776 137 2827 ut
152 2755 324 2854 quamlibet
342 2751 460 2853 prolixi
484 2755 640 2848 temporis
657 2750 756 2841 fama,
774 2752 796 2824 li
817 2780 898 2833 curn
922 2767 1012 2839 inex.

97 2854 206 2927 hausta
218 2858 404 2926 aeternitate
418 2853 595 2947 cogitetur,
620 2880 687 2927 non
702 2880 814 2953 parvo,
839 2855 892 2933 setl
908 2866 1010 2961 plane

97 2955 186 3027 nulla
200 2952 261 3025 elle
274 2954 428 3024 videatur.
477 2956 548 3024 Vos
566 2974 671 3029 autern
688 2955 746 3027 nifi
762 2957 800 3026 ad
814 2965 1008 3059 populantis

94 3079 212 3141 ouras,
234 3055 421 3149 inaneisque
439 3077 606 3141 rumores,
624 3053 711 3128 teile
731 3054 835 3129 fucere
855 3061 1011 3155 nescitis;

93 3176 131 3227 et
146 3150 256 3225 reliflo
276 3150 503 3236 conscientiae,
522 3159 713 3252 virtutisque
725 3156 938 3256 praestantia,
968 3169 1007 3239 de

93 3254 205 3327 olienis
219 3256 358 3352 praemia
373 3248 583 3326 sermunculis
597 3255 771 3355 postulatis.
825 3266 957 3363 Accipe
972 3273 1005 3341 in

95 3350 278 3449 hujusmodi
292 3355 488 3447 orrogtntiae
508 3356 635 3429 levitate
647 3382 741 3455 quam
755 3353 867 3432 festive
882 3367 1015 3467 aliquis.

95 3450 238 3529 illuserit.
285 3461 379 3530 Nam
398 3479 473 3529 curn
494 3456 625 3555 quidam
650 3461 781 3533 adortus
795 3458 873 3535 ellet
890 3468 1005 3542 homi·

920 3596 1006 3643 mm
