2242 3952
175 224 223 286 ιο
496 201 733 275 *LIBER

172 400 246 450 non
259 376 367 463 aliter,
388 394 484 473 quam
498 375 553 471 qui
569 371 778 471 patiebantur,
801 370 986 445 indolui-:r-
999 380 1076 455 cum

166 478 305 549 acerbae
332 474 425 549 famis
451 498 598 573 tempore
617 478 719 567 gravis
734 495 831 570 atque
844 476 1078 573 inexplicabilia

172 576 294 649 inditia
322 578 464 650 coemtio
490 573 698 672 profligatura
726 575 834 672 inopia
867 578 1077 683 Campaniam

164 681 373 778 provinciam
389 676 569 768 videretur,
592 700 753 748 certamen
768 674 939 748 adversum
958 678 1078 779 praese·

173 774 265 849 sium
278 782 432 877 praetorii
455 781 639 848 communis
657 778 821 849 commodi
837 780 971 851 tatione
988 779 1077 881 sul'cc·

169 880 225 976 pi,
248 901 324 971 rege
338 874 551 971 cognoscente
564 878 734 966 contendi,
758 885 1006 955 etnecocmtio
1021 888 1076 955 eti·

167 1000 302 1068 geretur
324 982 416 1069 evicit
464 978 647 1049 Paullinum
666 975 862 1050 consularem
879 986 1009 1073 uicum,
1022 1010 1077 1057 cu·

167 1078 253 1174 juso
277 1102 310 1148 es
322 1077 454 1151 Palatini
468 1102 561 1150 canes
574 1079 637 1173 jam
650 1075 702 1176 spe
714 1100 809 1175 atque
826 1075 1015 1155 ambitione
1030 1088 1077 1157 de·

166 1102 345 1264 vocassent,
369 1178 408 1250 ab
431 1181 441 1248 i
466 1176 506 1249 fia
528 1179 685 1250 hiantium
707 1176 853 1253 faucibus
874 1186 972 1253 traxi.
993 1218 1000 1233 ·
1027 1190 1077 1259 Ne

165 1275 327 1349 Albinum
347 1202 546 1350 consularem
572 1283 679 1351 virum
700 1281 937 1378 praejudicatae
958 1286 1076 1359 accusa·

166 1378 268 1449 tionis
291 1402 396 1474 poena
417 1383 616 1478 corriperet,
639 1381 721 1453 odiit
735 1407 789 1453 mc
813 1387 1076 1479 Cyp'nianidclad

165 1482 249 1550 toris
269 1473 420 1574 opposuir
469 1474 586 1552 Satisne
604 1484 641 1554 in
662 1506 715 1555 me
736 1507 869 1574 magnas
896 1488 1016 1559 videtu
1027 1514 1073 1559 ex·

163 1575 320 1649 acervalle
342 1575 538 1659 discordias?
564 1577 615 1651 sed
633 1580 696 1655 elle
710 1584 794 1681 apud
810 1605 962 1657 caeteros
977 1592 1070 1659 tutior

163 1676 285 1762 debui,
311 1680 367 1774 qui
390 1680 471 1750 mihi
495 1704 607 1774 amore
625 1680 760 1777 iustitiae
780 1686 861 1754 nihil
891 1690 985 1784 a‘pud
999 1687 1066 1759 auli·

163 1800 231 1860 cos,
256 1800 323 1874 quo
333 1782 433 1871 magis
445 1775 541 1851 essem
559 1784 670 1867 tutior,
694 1779 821 1858 servavi.
873 1786 1000 1885 Quibus
1009 1808 1055 1852 au·

161 1896 232 1948 tem
247 1874 613 1977 deserentibuspetculfi
626 1878 755 1953 sumus?
781 1907 931 1978 quorum
942 1882 1060 1957 Basilina

161 1976 244 2048 olim
259 1974 542 2071 regio'mlnistcrio
555 1978 723 2079 depulsus,
747 1985 780 2051 in
796 1983 996 2061 delationem
1013 2008 1068 2055 no·

160 2074 221 2148 slr'i
234 2083 392 2166 nominis,
414 2079 508 2149 alieni
526 2085 608 2148 aeria
623 2080 800 2149 recellitate
815 2082 1011 2178 compulsus
1023 2078 1073 2153 etl.

82 2242 87 2250 ,
157 2179 352 2275 Opilionem
367 2202 461 2263 vero,
488 2200 585 2272 atque
604 2180 841 2277 Gaudentium,
863 2183 1009 2273 cumob
1030 2188 1074 2253 ita·¹

153 2274 275 2371 -jurias,
300 2276 606 2371 atque-multiplices
621 2272 748 2347 ficudas
762 2281 809 2347 ire
823 2282 856 2349 in
871 2283 1015 2353 exilium
1030 2306 1074 2353 re·

159 2379 214 2466 gia
227 2372 363 2446 censura
377 2370 579 2457 decrevisset,
603 2400 746 2469 cumque
765 2378 809 2443 illi
825 2400 948 2471 parete..
958 2382 1073 2477 nolen-

159 2496 210 2544 aes
239 2469 479 2545 sectarum-sese
506 2472 648 2545 aedium,
668 2469 854 2546 defensione
874 2490 1073 2565 ¹tuerentur,

153 2575 477 2671 'compertumque-id
500 2569 830 2669 regiforet,1ad'uit,
850 2575 967 2649 ut-nifi
987 2584 1073 2651 intrt'

156 2674 393 2773 praescriptum
411 2674 498 2745 diem
512 2678 663 2745 Ravenna
671 2672 754 2744 urbe
770 2674 990 2765 decederent,
1020 2704 1074 2753 no

155 2773 355 2867 tisinstgniti
375 2770 543 2844 frontibus
561 2772 769 2869 pellerentur.
820 2776 911 2873 Qud
928 2778 1015 2849 huic
1031 2776 1074 2851 se·

155 2878 283 2945 veritati
304 2869 393 2969 posse
418 2868 536 2943 adstrui
557 2867 720 2945 videtur-i
746 2879 847 2968 Atqui
864 2874 1005 2973 ‘codem'
1021 2878 1073 2951 dic

153 2971 379 3044 deferentibus
393 2970 532 3067 eisdem,
557 2974 702 3044 nominis
713 2970 817 3051 'nostri
832 2972 954 3047 delatio
970 2972 1073 3053 sulca·

151 3092 212 3171 pta
227 3068 282 3143 cll.
332 3069 422 3173 Quid
436 3073 562 3165 igitur?
588 3067 768 3144 nostraene
781 3095 864 3145 artes
879 3075 1072 3153 itamcrua·
1109 3109 1111 3115 ¹

152 3173 260 3246 tunt?
275 3194 315 3243 tn
327 3173 400 3243 illos
414 3167 812 3269 accusatoresjustoasecit
823 3174 998 3273 praemissa
1018 3179 1071 3253 da·

153 3274 305 3344 mnatio?
331 3276 423 3343 Itane
435 3269 518 3342 nihil
531 3264 838 3369 fotmnampuduit,
856 3272 878 3345 si
893 3278 1009 3351 minus
1021 3304 1079 3355 ac.

152 3371 281 3445 cusatae
303 3372 523 3453 innocentiae,
548 3393 580 3440 at
598 3364 810 3445 accu'ssntium
830 3374 988 3455 vilitatis?
1014 3384 1068 3465 At,

149 3471 249 3572 cuiue
268 3470 423 3570 crimina
439 3470 629 3571 arguluuc,
653 3467 812 3576 suouuam
831 3477 1067 3575 quaeram

154 3612 157 3621 ·
205 3596 209 3603 '
612 3624 619 3641 .·
632 3626 640 3640 ·.
947 3597 1065 3651 mium
