2242 3952
268 169 622 251 nnnu1vn
862 180 911 265 m

72 358 179 435 ptum
198 358 300 435 putes,
313 333 520 435 praestantius
544 339 578 411 id
594 340 683 438 quod
698 339 835 429 dederit,
863 367 906 417 eo

72 438 280 537 lacceperit,
298 434 476 511 existimare
488 437 595 537 pollis.
645 443 707 514 Sed
736 444 823 516 hunc
844 442 907 519 esse

72 564 119 613 m
153 543 304 612 omnium
333 540 687 635 praecellentillimum,
725 543 905 636 digniffime

72 636 213 715 [temut.
281 637 380 738 Qud
406 636 561 713 finttuta
583 644 714 740 quidem
735 642 832 726 inest,
854 641 907 714 sed

71 766 131 815 ne
145 734 318 827 diversum,
340 764 416 811 ccun
438 741 612 816 decenum
632 748 780 844 principe
800 745 909 840 loqua-

83 846 179 927 Deo,
191 838 292 934 finget
307 843 364 941 qui
375 840 499 941 potest,
521 848 595 942 quis
613 847 691 918 haec
703 841 909 916 diverlacon·

71 941 176 1015 erit?
201 937 366 1014 Postremo
380 942 501 1039 quodi
525 945 668 1042 qualibet
692 968 731 1017 re
747 940 909 1016 diversum

76 1042 113 1115 (l
133 1064 180 1113 no
280 1040 368 1127 illud,
385 1043 402 1113 i
418 1068 486 1140 quo
509 1044 701 1139 intelligitur
721 1041 784 1117 elle
804 1044 911 1115 divet-

260 1138 417 1215 ltsummo
438 1144 526 1217 bono
546 1145 707 1220 diversum
725 1142 770 1215 est
789 1138 836 1214 sui
853 1167 908 1212 na·

70 1308 74 1325 ,
102 1241 142 1314 id
155 1242 243 1339 quod
265 1239 429 1314 summum
444 1242 570 1317 bonum
586 1244 728 1315 nonest:
750 1242 840 1339 quod
853 1266 909 1312 ne·

70 1338 110 1413 st
124 1341 167 1412 de
182 1347 256 1413 Deo
269 1347 421 1435 cogitare,
435 1369 502 1442 quo
516 1344 599 1415 nihil
609 1340 731 1414 constat
744 1339 811 1412 elic'
821 1364 911 1437 prce·

71 1444 150 1516 ius.
208 1442 357 1513 Omnino
380 1445 468 1513 enim
491 1441 614 1513 nullius
645 1444 694 1511 rei
717 1462 829 1509 natura
850 1436 910 1509 luo

70 1542 171 1639 cipio
186 1539 586 1638 meliotpoteritexillere;
595 1536 790 1636 quarequod
803 1539 911 1609 omni·

70 1643 275 1737 nrincipium
291 1639 338 1728 fit,
359 1639 393 1711 id
402 1645 497 1714 etiam
507 1636 558 1713 sui
567 1634 733 1712 substantia
748 1635 911 1709 summum

69 1764 204 1815 nonum
214 1738 369 1811 vet-imma
382 1744 509 1810 ratione
522 1735 743 1810 concluserim.
794 1730 912 1807 Restis·

69 1843 246 1932 ,inquam
296 1839 358 1910 Sed
368 1834 531 1909 summum
543 1837 910 1910 bonumbeatitudinem

69 1932 264 2011 concellum
277 1931 335 2011 est.
367 1941 434 2028 “Im
457 1935 664 2031 est‚inquam.
716 1938 838 2029 Igitur,
860 1939 911 2003 in·

69 2088 87 2117 ,
116 2038 229 2104 Deum
250 2030 311 2102 elle
329 2028 429 2129 ipsum
450 2034 699 2121 beatitudinem,
723 2029 846 2103 neceffe
865 2027 911 2100 est

68 2130 166 2206 iteri.
217 2134 294 2199 Nec
304 2128 490 2226 propontis,
514 2134 657 2226 inquam,
682 2129 848 2229 prioribus
861 2153 912 2200 re·

68 2236 121 2305 tri
144 2252 245 2324 queo,
270 2250 303 2299 et
332 2226 455 2299 abillis
481 2229 547 2298 hoc
569 2231 689 2301 illatum
711 2227 912 2326 consequens

68 2326 247 2433 perspicio.
297 2323 440 2423 Respice,
469 2329 584 2425 inquit,
608 2354 647 2400 nn
669 2330 747 2402 hinc
778 2352 912 2427 quoque

68 2454 86 2503 ι
104 2428 231 2500 firmius
246 2451 285 2525 ap
310 2425 455 2509 robetur,
476 2429 563 2523 quod
580 2429 647 2501 duo
669 2426 792 2502 summa
810 2429 906 2515 bona,

89 2450 656 2626 ilediversallmt,cffenonpollunt.
688 2533 911 2623 Etenimquae

70 2640 179 2729 epam
202 2628 306 2711 bona,
338 2652 408 2697 non
429 2620 491 2696 elle
507 2629 643 2701 alterum
666 2629 754 2722 quod
779 2624 816 2695 stt
836 2620 911 2694 alte'·

69 2784 89 2817 ,
127 2730 242 2823 liquet:
275 2751 373 2821 quare
393 2747 547 2799 neutrum
599 2730 696 2797 oterit
722 2719 784 2793 elle
803 2718 911 2819 perfe-

67 2854 101 2918 ι,
118 2853 194 2898 cum
210 2826 353 2895 alterutri
366 2754 606 2897 alterumdeell.
657 2822 718 2895 Sed
734 2822 822 2916 quod
859 2822 910 2892 er'·

67 2952 129 2997 nm
146 2949 214 2993 non
227 2920 281 3009 fit,
305 2925 338 2996 iel
351 2920 515 2997 summum
535 2948 604 2995 non
618 2917 680 2994 elle
702 2846 909 2995 manifellm

89 3023 183 3097 nullo
196 3022 296 3096 modo
309 3026 408 3117 igitur
423 3049 504 3121 quae
518 3020 642 3095 summa
654 3016 729 3093 sunt
743 3021 845 3116 bona,
872 3045 909 3095 ec

66 3120 137 3227 'inm
157 3118 218 3195 elle
233 3121 362 3195 diversa.
419 3127 523 3221 Atqui
544 3146 577 3195 et
599 3121 850 3208 beatitudinem,
875 3143 909 3196 et

66 3250 112 3298 rn
124 3280 134 3311 ,
160 3218 322 3295 summum
351 3222 479 3319 bonum
504 3220 568 3297 effe
590 3222 770 3319 colligimus
783 3252 792 3293 ε
805 3244 908 3320 quare

66 3348 102 3399 n
122 3322 243 3397 nccelle
258 3318 303 3394 cst
315 3320 470 3421 summam
486 3320 548 3399 elle
570 3322 808 3409 beatitudinem,
828 3346 910 3421 quae

66 3450 180 3531 amma
195 3426 355 3527 divinitas.
380 3424 514 3519 ‚Nihil
529 3428 679 3527 inquam,
706 3449 825 3515 necte
843 3412 910 3523 ipsu

347 3560 353 3571 ¹
455 3524 568 3635 Ε·“3.η
715 3526 922 3615 semiue,
