2280 3946
198 230 248 307 70
531 164 752 276 LIBER
836 276 838 280 .

201 379 318 459 verius,
343 397 403 444 nec
415 374 657 445 ratiocinatione
672 367 807 461 firmius,
819 371 959 441 necDeo
974 364 1097 460 dignius

202 473 353 548 concludi
369 472 480 572 potest.
530 473 743 571 Superbam,
769 472 884 566 inquit,
906 473 1006 563 igitur
1019 466 1099 555 selu·

205 580 231 647 ti
247 578 441 647 Geometrae
457 571 586 655 solent,'
601 568 822 642 demonstratis
841 564 1032 669 propofitis,
1052 566 1100 639 ali·
1132 654 1134 671 ἰ

207 677 285 774 quid
298 672 431 769 inferre,
456 700 535 773 quae
549 683 749 779 nogionem
762 669 820 769 ipb
834 692 965 751 vocant,
989 672 1032 739 ita
1046 692 1102 761 ego
1132 674 1134 685 '

207 800 343 873 quoque
358 777 416 847 tib'i
434 776 530 847 veluti
546 770 757 852 corollarium¹
775 770 867 844 dabo.
916 775 1006 840 Nam
1027 776 1106 865 quo'
1128 790 1134 883 ,³

208 881 296 947 niam
315 876 518 948 beatitudinis
543 878 721 976 adeptione¹
739 872 823 946 fiunt
844 873 997 943 homines.
1013 868 1122 971 beati„

209 974 742 1075 beatitudoveioellipsadivinitas‚
759 975 932 1073 divinitatis¹
937 971 1113 1070 adeptione}

209 1072 674 1157 fieribeatdsmanifestumest.
703 1076 762 1148 Sed
771 1070 910 1168 utijusti'
964 1071 1107 1169 adeptib·

209 1198 254 1243 ne
266 1171 358 1267 julli,
382 1170 552 1272 sapientiae
567 1176 718 1277 sapientes
733 1173 833 1269 liunt,
858 1176 901 1243 ita
981 1175 1108 1241 nitatem

210 1272 354 1369 adeptos,
369 1274 447 1345 deos
459 1274 530 1346 fieri
544 1276 637 1347 fimili
653 1280 776 1346 tatione
789 1268 970 1345 neeclleest.
988 1270 1111 1375 'Omnia¹

212 1372 316 1462 igitur
334 1372 454 1459 beatus,
473 1381 578 1462 Deus;
604 1372 656 1446 sed
674 1397 784 1446 natura
797 1373 927 1472 quidem
941 1392 1110 1469 unusprt·

212 1473 401 1568 ticipatione
425 1498 501 1543 vero
527 1474 608 1545 nihil
633 1473 786 1569 prohibet
805 1469 868 1555 elle
890 1496 987 1569 quant
1016 1462 1112 1567 plutiss

213 1593 296 1640 mos.
351 1568 592 1664 Et⁵pulchrum,
622 1576 766 1669 inquam,
787 1572 861 1656 hoc,
884 1592 981 1665 atque
995 1572 1113 1665 pretiu-

213 1663 295 1745 sum,
310 1665 372 1734 live
387 1668 557 1767 πόρισμα,
583 1669 644 1737 five
657 1670 863 1738 corollarium
885 1671 992 1737 vocari
1008 1670 1123 1743 maun,

214 1770 317 1856 Atqui
336 1766 400 1833 hoc
420 1790 549 1859 quoque
569 1765 734 1863 pulchrius
759 1765 841 1836 nibil
855 1763 919 1857 est,
954 1766 1043 1861 quod
1071 1748 1119 1852 hl,

213 1857 791 1962 annebiendumelleratiopersuad'et.
844 1864 958 1965 Qud?
975 1866 1117 1959 inquam.

215 1964 303 2032 Cum
319 1962 427 2056 multa,
448 1968 563 2063 inquit,
591 1964 756 2037 beatitudo
776 1984 945 2035 continere
963 1963 1108 2034 videatur

217 2084 374 2133 utrumne
390 2066 467 2136 haec
490 2069 597 2137 omnia
620 2089 722 2135 unum
736 2063 835 2133 veluti
856 2087 974 2157 corpus
989 2059 1118 2157 beatitu-

217 2160 303 2232 dinis
318 2162 453 2259 quadam
478 2168 618 2260 partium
640 2164 787 2245 varietate
809 2160 1018 2254 conjungant,
1031 2156 1117 2232 anlit

217 2282 336 2329 eorum
352 2260 480 2356 aliquid}
501 2262 588 2357 quod
602 2260 805 2347 beatitudinis
820 2256 1021 2332 substantiam
1038 2282 1124 2331 com·

221 2357 325 2453 pleat,
358 2358 482 2426 adhoc
512 2383 588 2426 vero
611 2381 733 2427 caetera
755 2352 959 2427 referantur?
985 2360 1134 2445 Vellem}

220 2457 366 2622 infiuam,
392 2454 424 2524 id
452 2452 589 2550 ipsarum
617 2480 730 2525 rerum
749 2460 1061 2529 commemoratione
1074 2480 1134 2557 pe·

221 2572 255 2623 te
273 2572 407 2623 aceres·
434 2560 578 2637 Nonne,
606 2558 721 2651 inquit,
745 2554 975 2627 beatitudinem
1001 2556 1120 2631 bonm-

222 2649 286 2731 elle
303 2649 495 2735 censemus?
527 2664 573 2725 Ac
603 2652 766 2727 summum
797 2656 943 2751 quidem,
983 2659 1119 2754 inquam.

223 2754 342 2838 Addas,
363 2756 479 2850 inquit,
499 2755 563 2826 boc
583 2756 734 2826 omnibus
758 2756 843 2831 licet.
903 2761 993 2827 Nam
1018 2760 1074 2829 ead

222 2848 411 2923 sufficientia
429 2850 551 2951 summa
566 2852 622 2939 est,
639 2857 749 2928 eadent
764 2850 884 2927 summa
905 2861 1061 2955 potentia,
1080 2878 1124 2943 ra·

223 2955 365 3051 verentia
412 2978 565 3055 quoque,
626 2957 771 3039 claritas,
810 2979 842 3027 et
874 2956 1023 3053 voluptas
1061 2956 1123 3029 bet·

225 3050 335 3119 titudo
359 3048 421 3144 else
442 3048 637 3153 judicatur.'
686 3055 773 3155 Qtid
797 3058 932 3148 igitur?¹
968 3060 1087 3129 Haec'
1124 3060 1127 3066 '

224 3150 335 3218 omnia
350 3148 445 3241 bona,
464 3149 821 3252 sufficientia,p0tentia,
833 3164 1022 3251 caeteraque
1034 3156 1084 3229 vel
1118 3233 1122 3244 ,

225 3248 381 3343 quaedam
398 3250 602 3323 beatitudinis
616 3255 759 3327 membra
774 3252 862 3339 sunt,
887 3282 929 3329 an
943 3258 981 3343 ad
995 3254 1064 3329 bon

227 3347 327 3418 veluti
340 3350 379 3421 ad
395 3354 547 3445 uerticem
573 3352 688 3426 cundia
710 3352 925 3436 referuntur?
969 3348 1077 3429 Ititelli

228 3440 479 3571 inquam'cjuid
497 3438 756 3555 intelligendum
773 3460 956 3560 proponasr
979 3452 1078 3559 ,std'q
1099 3456 1107 3473 '

398 3586 403 3597 .
578 3588 581 3593 -
1054 3576 1126 3631 con·
