2242 3952
354 161 712 297 reurrvr
932 248 979 328 75

75 389 168 469 coeli
184 391 419 490 intemperiem,
434 388 520 489 quafi
535 389 611 462 mali
614 394 747 562 patiens
759 390 907 469 defensor
926 423 986 496 op·

75 496 245 597 panitur?
270 496 337 561 Iam
358 514 435 563 vero
457 514 572 589 quanta
595 515 612 564 e
661 514 792 567 naturae
814 496 987 591 diligenda,

76 618 124 667 ut
141 590 254 665 ettndia
276 586 395 663 semine
419 593 630 691 multiplicato
652 617 889 692 propagentur,
906 622 989 694 quae

76 698 199 779 ¹(amnia
213 716 281 763 non
303 691 403 763 modo
415 692 459 783 ad¹
472 715 599 791 tempus
614 694 784 782 manendi,
809 720 920 769 verum
935 720 990 790 ge-

75 797 227 868 neratim
241 816 388 888 quoque,
413 790 497 890 quast
511 796 545 864 in
562 815 756 892 perpetuum
771 797 991 896 permanendi,

82 894 348 987 velutiquasdam
357 895 516 966 machinas
530 890 592 965 eise
605 897 677 991 quis
685 890 827 968 nesciat?
844 899 889 966 Ea
898 899 995 979 etiam

85 1018 173 1093 quae
187 994 354 1073 inanimata
371 991 432 1065 effe
447 994 639 1083 creduntur,
664 1021 789 1085 nonne¹
799 995 888 1092 quod
900 990 997 1069 suum

88 1090 157 1179 est,
183 1118 331 1192 quaeque¹
346 1090 440 1167 fimili
454 1094 576 1168 ratione
599 1093 797 1174 desiderant?
823 1100 892 1166 Cur
906 1096 998 1191 enim

89 1192 238 1287 flammai
250 1193 383 1292 'quidem
397 1190 518 1269 sursum
538 1196 646 1274 levitas
662 1197 768 1282 vehit,
797 1218 897 1266 tetras
919 1217 999 1273 veto

92 1286 246 1369 deorsum
264 1290 394 1393 paudus
410 1296 581 1395 deprimit,
592 1293 661 1385 uniti
671 1294 763 1391 ¹quod
776 1296 852 1367 haec
866 1292 1000 1387 lingulis

94 1393 179 1493 ioca,
193 1390 421 1493 mutiun'e'sque.
432 1398 655 1473 etinveniunt?
669 1398 774 1464 Porro
789 1418 895 1465 autem
908 1390 1002 1490 quod

97 1498 215 1589 cuique
241 1491 488 1568 consentaneum
508 1492 577 1583 effi
595 1494 630 1569 id
645 1492 901 1590 unumquodque
921 1515 1002 1563 cana

95 1590 217 1666 servat:
243 1592 330 1663 ficuti
344 1618 396 1682 ea,
422 1620 502 1693 quae
517 1591 590 1666 sunt
602 1595 749 1680 inimica,
773 1611 1005 1691 corrumpunt,

94 1684 165 1765 iam
180 1720 257 1766 reto
273 1719 352 1791 quae
370 1694 449 1764 dura
462 1692 553 1773 sunt,
576 1716 613 1762 ut
631 1693 750 1790 lapides
770 1691 943 1763 adhaerent
958 1710 1005 1763 te·

89 1790 259 1893 'naciffime
272 1792 418 1893 'partibus
432 1788 520 1883 suis,
538 1813 586 1879 et,
610 1816 654 1864 ne
672 1789 766 1864 facile
787 1786 1005 1878 dissolvantur,

97 1891 258 1963 resistunt.
310 1898 398 1992 Qrae
408 1919 488 1967 vero
500 1892 658 1987 liquentia
674 1914 711 1961 ut
724 1892 791 1975 adr,
813 1913 908 1987 atque
916 1914 1008 1987 aqua,

84 1985 196 2069 [facile
218 1991 351 2086 quidem
371 1990 587 2085 dividentibus
610 1990 750 2075 cedunt,
770 1985 822 2061 sed
841 1992 957 2061 cito-in
971 2013 1008 2063 ea

91 2087 234 2182 rursus,
259 2088 283 2163 d:
290 2084 407 2184 quibus
421 2082 648 2175 suntabsciiia,
670 2084 868 2183 relabuntur.
918 2091 1010 2181 Ignis

102 2182 184 2258 veru
199 2180 463 2279 omnem'refug'it
478 2180 665 2260 sartionem.
714 2192 836 2291 Neque
847 2212 933 2260 nunc
948 2213 1011 2259 nos

102 2287 147 2358 da
171 2286 360 2356 voluntariis
382 2288 504 2357 animae
526 2281 748 2377 cognoscentis
764 2286 933 2372 motibus,
957 2282 1013 2360 sed

104 2388 148 2458 de
164 2382 298 2459 naturaii
315 2387 495 2457 intentione
510 2381 689 2459 trastamus.
740 2389 841 2459 Sicuti
849 2384 903 2471 eff,
899 2387 1014 2487 Auod

104 2510 253 2586 exceptat
265 2482 345 2557 escas
354 2482 419 2557 fine
434 2478 628 2579 ¹co'gita'tioue
642 2485 856 2581 tranfigimus,
870 2480 962 2584 quod
974 2489 1014 2561 iu
1042 2528 1046 2535 ·

101 2583 219 2661 somno
241 2582 389 2685 spiritum
410 2584 557 2659 ducimus
580 2584 765 2681 nescientes.
813 2593 904 2659 Nam
918 2588 1014 2661 neiat

102 2686 294 2785 animalibus
314 2687 447 2783 quidem
475 2685 629 2769 manendi
643 2710 736 2758 amor
751 2710 790 2756 ex
807 2688 935 2756 animae
958 2711 1013 2758 vo·

102 2786 290 2870 luntatibus,
301 2810 413 2859 verum
423 2808 461 2857 ex
479 2782 612 2885 natiuae
625 2784 795 2883 principiis
809 2787 908 2855 venit.
924 2788 1015 2867 Nam

106 2883 200 2981 saepe
212 2908 352 2957 mortem
365 2882 557 2975 cogentibus
571 2880 701 2975 caudis,
726 2908 823 2982 quam
837 2904 950 2956 natura
963 2910 1014 2957 re-

108 2982 287 3070 formidat,
310 2986 457 3057 voluntas
478 2980 703 3081 amplastitur:
728 3006 902 3081 contraque
922 2986 1015 3075 illud,

110 3109 178 3181 quo
219 3081 286 3155 solo
319 3085 505 3159 mortalium
540 3107 651 3159 terum
683 3084 775 3155 durat
809 3085 1015 3180 diuturnitas,

110 3174 381 3283 gigneudi'opus,
395 3176 486 3282 quod
496 3176 612 3258 'natu't'a
624 3178 748 3285 semper
763 3186 900 3285 appetit,
914 3184 1016 3261 inter·

112 3288 192 3356 dum
204 3295 332 3356 co'e'rcet
345 3287 492 3358 voluntas
551 3285 642 3358 Adeo
655 3282 793 3361 haeesui
813 3289 922 3359 caritas
947 3313 1016 3358 non

110 3387 284 3469 exanimali
297 3390 453 3469 motione,
480 3381 581 3461 seder
592 3387 727 3461 naturali
744 3390 925 3473 intentione
939 3412 1016 3486 pro·

109 3480 207 3565 cedit.
230 3484 460 3593 ¹'Det'lit'ettim
476 3486 683 3591 providentia
703 3487 816 3561 creatis
838 3482 1056 3647 MQQQ
