2242 3952
105 122 153 259 '30
267 244 272 251 ,
464 132 690 239 rrs'sa
810 148 814 159 '

104 334 232 409 Maium
251 316 367 430 igitur,
392 335 516 432 inquit,
549 333 631 406 nihil
649 328 712 419 est,
739 312 831 409 ‘cum
858 332 939 415 idfa

104 438 158 509 iile
172 432 357 536 nonpoiiit,
384 439 440 532 qui
454 435 535 508 nihii
548 460 616 507 non
631 430 746 536 potest.
798 438 939 515 Ludism

104 560 212 637 quam,
235 563 298 625 me,
307 534 557 609 inextricabilem
569 534 817 634 Labyrintbum
835 544 939 615 ratim

104 660 229 727 texens,
254 663 320 738 quo
336 658 424 710 nunc
437 636 586 736 quidem,
610 662 674 735 qua
689 638 893 732 egrediaris,
910 647 939 723 'ir

104 749 171 826 'e‘as3
204 764 293 811 nunc
325 762 402 812 vero
432 764 500 837 quo
531 740 712 822 introieris,
753 740 935 833 egrediare

102 838 286 913 mirabilem
311 840 473 938 quendam
499 840 623 912 divinae
654 835 887 1010 imgliciratis.
909 870 939 919 ur

102 940 302 1040 complicas?
327 944 458 1010 Etenim
472 938 580 1038 paullo
592 940 696 1011 antei
736 944 930 1026 artitudine

99 1043 212 1139 piens,
237 1063 306 1111 eam
320 1034 482 1110 summum
503 1040 629 1114 bonum
650 1036 712 1110 eiie
740 1040 906 1135 dicebas,
927 1070 939 1146 a

100 1142 138 1209 in
160 1135 288 1210 summo
310 1142 383 1211 Deo
405 1137 493 1210 fitam
517 1139 706 1236 loquebare:
751 1139 876 1241 ipsum
896 1172 939 1247 qu

101 1242 213 1308 Deum
227 1234 389 1310 summum
408 1235 470 1312 aiie
492 1238 638 1327 bonum,
660 1240 878 1342 plenamque
893 1248 939 1321 be

101 1336 213 1410 dinem
224 1332 411 1411 disserebas:
436 1365 474 1412 ex
498 1364 564 1437 quo
582 1345 751 1413 neminem
774 1342 939 1433 beatum

100 1434 161 1510 niii
177 1440 236 1537 qui
250 1440 368 1538 pariter
385 1444 474 1512 Deus
487 1436 578 1527 effer,
592 1454 595 1459 '
608 1439 692 1537 quasi
706 1446 939 1521 munuscuiuu

99 1536 165 1613 bas.
213 1535 336 1612 Rursus
350 1535 448 1639 ipsam
463 1539 542 1613 boni
562 1536 719 1629 formam,
755 1546 844 1632 Dei,
871 1549 939 1622 acb

100 1639 226 1711 tudinis
232 1637 415 1735 loquebaris
421 1637 483 1710 eiic
491 1635 707 1737 substantiam:
720 1638 939 1747 ipsumque·

99 1738 135 1809 id
151 1733 257 1833 ipsum
274 1734 335 1807 eiie
356 1735 480 1808 borium
499 1735 644 1824 dicebas,
666 1741 757 1835 quud
783 1746 832 1816 ab
867 1748 939 1823 omi

99 1861 175 1907 rum
185 1858 488 1936 naturapeteretur:
515 1840 623 1908 Deum
636 1861 702 1934 quo
725 1864 772 1910 uc
783 1842 939 1933 bonius}

97 1936 280 2008 bernaculis
293 1934 528 2009 universitatem
547 1962 659 2031 regere
673 1863 893 2036 diiputabas,
910 1942 939 2015 sd

97 2039 205 2134 riaque
217 2035 331 2111 cundia
346 2062 475 2136 parere,
511 2062 572 2107 nec
585 2038 680 2104 uliam
689 2040 939 2125 maiiessenatu

96 2159 192 2233 atque
204 2138 282 2208 haec
299 2137 396 2209 nuliis
409 2130 600 2208 extrinsecus
614 2131 767 2237 sumptis,
792 2136 860 2215 sed
877 2146 939 2217 alm

97 2236 197 2309 altero
212 2235 310 2309 fidem
325 2232 606 2323 trahenre‘infitis,
627 2232 939 2347 domesticisquep'n

97 2334 241 2409 tionibus
253 2337 437 2433 explicabas.
487 2341 582 2408 Tum
596 2335 659 2418 ilia,
667 2337 825 2436 minime,
836 2344 939 2442 inqui

96 2435 221 2523 dimus,
245 2458 381 2530 remque
416 2436 565 2508 omnium
585 2438 753 2506 maximam
771 2438 846 2512 Dei
868 2468 939 2515 muu

96 2556 196 2633 quem
220 2532 346 2631 dudum
368 2532 636 2633 deprecabamur,
666 2540 850 2628 exegimus.
899 2550 939 2615 Ea

93 2637 183 2708 enim
200 2636 326 2709 divinae
339 2632 446 2708 forma
461 2632 669 2719 substantiae,
706 2658 742 2706 ut
766 2664 883 2739 neque
908 2647 939 2717 in

92 2760 184 2809 terna
211 2734 384 2831 dilabatur,
407 2738 523 2810 necin
546 2731 576 2807 se
597 2757 766 2807 externum
787 2742 927 2840 'aliquod

92 2834 254 2936 firscipiat:
277 2834 331 2928 scd
352 2836 430 2911 ficut
444 2839 485 2910 de
506 2862 542 2908 ea
562 2837 766 2909 Parmenides
781 2842 845 2914 ait:
869 2848 873 2859 '
893 2854 939 2923 Πι

93 2935 171 3012 σθεν
196 2944 226 3011 ἐν
250 2936 400 3013 niumm
418 2943 526 3040 φέρειν
544 2934 724 3039 dimissuram
743 2936 855 3037 dunos·
909 2952 939 3043 Q

93 3034 271 3106 ficationes
287 3062 415 3135 quoque
435 3066 503 3111 non
522 3061 608 3109 extra
619 3043 751 3138 petitas,
777 3037 833 3114 scd
849 3044 937 3119 intra

92 3152 194 3230 quam
208 3130 430 3222 tradabimus,
454 3136 610 3210 ambitum
624 3139 788 3210 collocatas
801 3148 939 3238 agitavit

92 3234 176 3305 nihil
201 3232 352 3333 estquod
372 3238 548 3326 admirere,
575 3263 651 3310 cum
677 3240 813 3338 Platone¹
847 3236 939 3321 [auci

92 3333 259 3423 didiceris,
279 3360 464 3437 cognatas,
485 3339 525 3413 de
552 3340 670 3440 quibus
692 3340 887 3438 loquimur,
911 3372 939 3421 re

92 3456 249 3539 sparsere
265 3433 328 3509 effe
341 3434 511 3515 sermones.
846 3450 851 3458 '

131 3579 134 3584 ·
822 3575 939 3624 mura
