2242 3952
258 110 664 257 ·rnrrtvn
888 114 956 288 ff·

72 339 206 440 ›priatn
213 340 375 437 dignitatis
386 346 661 443 pulchritudinem
669 340 866 423 nonhabtre
888 346 935 426 ¹In

72 464 95 511 u
114 442 199 515 iilud
220 440 596 522 estanimadvertendum
615 454 731 543 magis:
756 476 831 523 narn
848 450 871 523 st
891 476 938 525 eo·
1056 446 1061 453 ’

73 538 191 615 εᾶἱοτ
213 541 275 642 est,
298 571 364 642 quo
385 552 485 641 tnagis
502 549 521 620 d
537 549 689 649 pluribus
708 554 845 648 quisque
856 578 935 624 ton·

73 644 211 736 unitur,
234 669 310 715 cum
324 649 516 721 reverendos
537 647 642 723 facere
655 674 829 749 nequeant,
853 675 934 749 quor

73 744 186 815 tribus
202 742 338 826 ostentat
349 744 581 847 despedbinres,
601 754 713 849 potius
726 752 862 847 dignitas
875 755 935 822 irtt·
1038 818 1044 825 .

73 839 158 916 tbos
175 839 261 918 facit.
309 850 513 923 Veruntuon
528 848 681 950 bnpunet
693 852 835 925 reddunt
846 875 937 923 nant·

73 962 97 1009 e
113 943 261 1040 improbi
283 948 394 1043 pare'tn
418 948 624 1043 dignitatibus
643 954 763 1035 vitem,
787 976 866 1049 quas
882 946 939 1022 sua

73 1044 230 1134 uragione
245 1048 503 1139 commaculant'
535 1054 644 1149 Atque
663 1074 700 1123 ut
719 1048 868 1143 agnoscas
884 1074 938 1121 ve·

74 1160 107 1211 tn
123 1142 212 1215 illam
230 1142 442 1221 reverentiam
458 1172 520 1247 pet·
542 1150 600 1222 has
618 1149 816 1235 umbratileis
833 1149 939 1243 digni

74 1262 114 1310 :es
135 1268 204 1318 non
224 1236 314 1343 po'ss‘e
333 1251 546 1345 contingere,
571 1246 612 1321 fic
630 1240 755 1342 collige.
785 1251 838 1333 ¹Si
863 1250 938 1345 quis

74 1340 208 1440 ultiplici
230 1343 394 1419 consulatu
412 1342 545 1435 fun'bbu's
565 1349 602 1419 in
620 1347 771 1419 Barbaras
792 1349 944 1421 nationes

74 1460 125 1509 rte
144 1442 341 1530 devenerit,¹
354 1448 578 1539 venerandum
598 1469 642 1519 ne
663 1444 808 1527 narbaris,
828 1447 940 1518 honor

74 1540 153 1610 riet?
176 1546 280 1639 Atqui
300 1540 325 1613 fi
345 1544 410 1617 hoc
430 1546 572 1649 naturale
590 1568 711 1617 munus
732 1542 945 1635 dignitatibus

74 1662 137 1722 ret,
160 1641 199 1713 ab
220 1639 330 1715 offitio
346 1640 405 1717 suo
421 1668 558 1743 quoquo
570 1647 718 1742 gentium
733 1642 827 1715 nullo
840 1641 945 1714 tn'odo

75 1735 196 1812 darent.
218 1737 297 1813 ficut
317 1747 404 1836 ignis
426 1744 549 1842 ubique
568 1768 748 1827 terrarum,
771 1765 946 1839 nunquam

75 1862 146 1909 nen
166 1839 268 1911 calere
294 1838 421 1919 defistit.
444 1884 450 1893 -
472 1846 536 1917 Sed
559 1838 715 1941 quoniam
743 1841 848 1912 ideis
871 1860 944 1913 non

75 1937 170 2030 opria
187 1938 253 2017 vit,
275 1934 330 2008 sed
347 1942 524 2011 huminum
541 1940 636 2012 ⁴ftiiart
652 1937 796 2013 annebiit
816 1941 948 2034 opinio,

75 2029 211 2107 nescunt
226 2033 331 2119 illico,
356 2058 432 2107 turn
448 2036 566 2110 adeor
578 2041 745 2121 venerint,
765 2037 824 2130 qui
838 2035 947 2126 digni·

76 2156 115 2205 es
136 2156 188 2203 eas
205 2127 268 2203 effe
287 2154 358 2203 non
371 2126 548 2206 aestimant.
599 2135 662 2204 Sed
680 2134 744 2205 hoc
760 2131 847 2231 apud
861 2150 946 2203 exte-

75 2233 259 2307 rnationes.
308 2234 401 2303 Inter
413 2240 564 2321 eosv'ero,
577 2234 664 2332 apud
673 2252 851 2329 quosottae
860 2228 948 2322 sunt,

76 2356 120 2402 ,nr
133 2350 295 2428 perpetuo
315 2331 518 2428 perdurant?
541 2336 643 2429 Atqui
659 2328 863 2430 praefebbura
877 2356 947 2404 ma·

80 2432 192 2501 aoiitn
226 2427 354 2516 orestas,
379 2456 469 2502 nunc
482 2433 578 2505 inane
589 2455 712 2506 nomen
722 2432 777 2519 est,
802 2452 835 2505 et
850 2436 947 2504 Sena·

76 2531 112 2600 :ii
126 2454 237 2601 tentiis
257 2534 371 2624 gravio
379 2528 510 2607 sarcina.
560 2536 681 2631 Siquis
699 2531 867 2629 quondam
885 2555 948 2626 po·

76 2631 103 2701 li
116 2626 249 2700 curaffet
261 2652 436 2717 annonam,
448 2654 586 2725 magnus
601 2629 791 2703 habebatur.
840 2631 946 2699 Nune

88 2726 290 2826 praestitura
304 2729 385 2824 quid
398 2728 578 2826 abjebiiua?
601 2735 650 2798 Vt
659 2730 748 2801 enirn
762 2724 875 2822 paullo
888 2748 947 2796 an·

78 2830 229 2909 diximus,'
254 2828 344 2922 quod
358 2829 441 2900 nihii
457 2828 555 2901 babet
569 2826 700 2924 proprii
712 2824 851 2911 decoris,
873 2825 948 2921 opi·

77 2926 317 2999 maurentium
336 2952 426 3001 nunc
457 2923 666 3025 splendorem
687 2926 829 3022 arripit,
854 2946 947 3013 nunt

77 3026 162 3095 rittit.
212 3026 245 3094 Si
259 3027 359 3115 igitur
373 3025 571 3099 reverendos
591 3021 699 3097 facere
712 3044 881 3121 nequeunt
894 3020 956 3095 di·¹

77 3124 190 3214 iteret,
215 3120 239 3192 st
260 3123 352 3197 ultro
370 3125 602 3225 improborum
619 3126 815 3218 contagione
835 3118 950 3195 sorde·

77 3245 136 3305 int,
161 3220 185 3293 st
199 3224 378 3297 mutatione
393 3244 582 3327 temporum
597 3223 767 3326 splendere
783 3218 951 3311 defluunt,'

77 3325 222 3421 gentiunt
238 3320 459 3445 testinatione
472 3323 636 3501 {nestum
646 3383 656 3422 ,
675 3324 758 3428 quid
771 3318 829 3408 est,
851 3322 944 3439 quod

354 3452 358 3460 .
530 3448 558 3527 4
650 3508 653 3515 Ι
905 3446 945 3495 m
