2242 3952
103 186 157 283 no
329 154 671 287 gy’olon'n
816 174 820 183 '

109 374 149 431 ut
163 346 187 421 si
200 366 295 447 quent
308 347 415 421 videas
436 349 521 421 velle'
535 344 673 449 adipisci,
689 340 786 445 quod
802 346 925 425 minim

109 449 272 550 piscatur,
299 450 374 521 huic
398 449 567 522 obtinendi
586 448 674 543 quod
698 448 866 536 voluerit,

107 552 274 623 valentiam
292 549 436 629 dubitare
457 575 525 622 non
551 547 656 650 possit.
724 546 902 649 Perspioo

107 651 395 747 inquam‚necusso
409 653 629 743 modonegari
640 644 761 748 potest.
817 654 915 752 Quen

102 750 354 848 effecisse‚quod
371 749 517 839 voluerit,
533 751 649 837 videas,
665 772 751 821 num
767 754 868 841 etiam
889 787 907 810 ιι

102 848 292 935 dubitabis?
327 854 481 928 Minime.
533 849 631 952 Qtod
647 873 727 921 vero
743 854 884 949 quisque
905 889 908 910 ι

103 953 195 1023 ineo
214 951 357 1039 validus;
406 952 473 1030 uod
494 957 653 1023 vero'non
673 950 798 1047 potest,
817 955 854 1025 in
872 952 920 1025 hot

104 1049 226 1133 beciisis
240 1051 303 1123 esse
321 978 496 1123 censendus
510 1049 565 1129 esi.
612 1056 743 1131 Fateor.
758 1054 899 1161 inquam

100 1149 269 1222 ministine
295 1154 412 1245 iginu,
437 1155 553 1248 inquit,
581 1147 812 1249 superioribus
864 1154 917 1214 ι“ιιι

103 1246 168 1320 esse
183 1248 365 1337 milesium,
382 1254 597 1323 intentionem
618 1275 756 1323 omnem
770 1254 921 1349 volumnio

101 1372 226 1435 manae,
242 1374 324 1448 quae
342 1349 473 1427 diversis
485 1347 597 1422 studiis
610 1352 888 1444 agimnadbm'm

100 1442 281 1522 festinare?
304 1455 464 1535 Memini,
489 1449 641 1548 inquam,
670 1453 706 1524 id
726 1446 917 1551 quoqudas

99 1549 326 1622 monstratum.
376 1556 470 1623 Num
479 1551 656 1623 recordaris
667 1550 918 1627 beatitudinto'
946 1585 947 1588 ¹

99 1647 166 1725 esse
192 1650 335 1740 bonum3
359 1674 464 1743 enque
479 1651 583 1719 modo
598 1674 675 1720 cum
693 1652 859 1726 beatitudo
873 1648 936 1706 ·='³'¹

100 1746 144 1816 ab
158 1746 313 1819 omnibus
329 1746 500 1818 defiderari
519 1747 668 1832 bonum?
693 1752 935 1841 Minimum

99 1847 271 1945 recordor,
306 1851 461 1944 quoniam
494 1847 525 1917 id
552 1848 729 1921 memoriae
763 1850 862 1927 fixum

99 1949 226 2024 Omnes
242 1950 341 2040 igitur
358 1950 507 2019 homines
522 1947 600 2019 boni
623 1952 751 2045 pariter,
768 1977 810 2024 ac
831 1946 908 2033 onds
933 1957 935 1962 ’

97 2043 198 2125 screta
227 2050 409 2131 intentione
430 2048 469 2119 ad
491 2050 616 2119 bonum
645 2049 922 2143 peruenire

96 2149 158 2231 Ita,
176 2150 319 2247 inquam,
331 2146 532 2240 consequens
551 2142 607 2223 est.
650 2144 719 2215 'Sed
732 2170 862 2221 certum
871 2140 921 2233 ὧι

97 2238 216 2343 ptione
230 2247 319 2330 boni,
333 2242 525 2316 bonosfieri.
577 2249 722 2316 Certum.
775 2250 876 2349 Adip'

97 2346 202 2436 igitur
219 2346 307 2432 boni,
323 2344 413 2440 quod
434 2347 614 2442 appetunt?
650 2347 704 2416 Sic
732 2347 873 2420 videtur.

95 2464 179 2514 vero
193 2440 216 2512 ss
230 2438 489 2539 adipiscerentur,
499 2444 589 2539 quod
604 2466 769 2545 appetunt,
788 2445 917 2533 boumn,

97 2538 249 2623 essenon
271 2539 407 2642 possent.
456 2548 504 2623 Ita
526 2540 580 2614 esi.
636 2549 721 2616 Cum
744 2547 850 2639 igitur
897 2587 910 2611 ιι

97 2641 226 2723 bonum
243 2664 362 2743 petant,
380 2639 430 2715 sed
446 2644 481 2714 hi
497 2644 629 2741 quidem
644 2641 870 2742 adipiscantur,
894 2652 902 2665 '

95 2747 309 2835 rominime3
338 2768 407 2817 non
425 2743 561 2828 dubium
587 2743 641 2831 est,
662 2745 767 2818 bonos
793 2750 922 2844 quidem

97 2864 205 2916 tentes
220 2841 298 2933 esse3
321 2846 474 2943 quivero
495 2845 568 2917 masi
582 2842 663 2938 sunt,
676 2846 863 2933 imbecilles,
886 2858 892 2867 '
916 2863 939 2936 ι,

87 2947 181 3039 quis,
198 2947 350 3040 inquam,
373 2942 504 3033 dubitat,
529 2970 590 3025 nec
618 2942 727 3019 rerum
748 2972 912 3039 naturam,

93 3039 359 3137 consequentiam
368 3044 472 3140 potest
484 3042 683 3121 confiderare
695 3052 893 3135 rationum.¹
926 3071 935 3112 ἰ

93 3137 149 3218 sus.
164 3144 287 3243 inquit:
310 3150 344 3217 Si
359 3146 425 3219 dun
444 3143 513 3227 sint,
527 3142 643 3245 quibus
653 3147 744 3221 idem
760 3145 934 3229 secundun

84 3252 203 3315 'tutam
215 3242 421 3345 propofitum
437 3243 483 3335 sn,
496 3268 677 3344 eorumque
694 3272 780 3321 unus
802 3252 932 3325 aaroni

91 3336 172 3433 ficio
190 3344 235 3416 idi
261 3340 331 3419 sum
344 3358 422 3428 auat,
453 3367 550 3443 atque
568 3347 729 3444 perficiam
752 3348 837 3422 alter
852 3349 951 3427 veros

80 3370 467 3557 'sutile'd'udflfficium
490 3446 880 3561 minimeadminishare
899 3438 951 3621 qq¹
