2280 3946
115 148 164 240 48
237 242 239 249 Α
383 212 386 217 ,
451 132 686 210 LIBER·

398 290 479 379 stt
504 309 636 379 osa
683 307 741 380 11.

114 498 244 672 Tum
258 491 361 565 defixo
377 491 553 591 paullulum
565 488 644 579 visu,
658 514 692 563 et
704 490 791 564 velut
805 488 1020 587 inan'gustam

211 593 281 667 suae
293 600 408 666 mentis
420 589 525 664 sedem
542 616 679 690 recepta,
704 593 746 664 lic
760 600 874 692 coepit.
897 586 1019 668 Omitis

114 697 299 771 mortalium
313 720 403 780 cura,
426 718 526 790 quam
541 694 768 792 multiplicium
781 692 961 767 studiorum
975 696 1018 768 la·

115 798 178 871 bot
199 792 332 888 stertet,
357 790 481 864 diverso
498 795 628 889 quidem
641 793 715 865 calle
729 796 884 893 procedit,
909 791 962 866 sed
976 797 1018 870 ad

114 890 218 971 untlm
235 918 340 967 tamen
358 894 562 966 beatitudinis
585 892 684 966 finem
703 899 818 966 nititur
828 901 1019 992 pervenire.

115 999 154 1069 ld
171 1021 276 1067 autern
289 993 334 1066 est
349 994 484 1080 bunum,
510 1019 577 1092 quo
593 999 665 1092 quis
682 995 808 1092 adepto,
822 995 916 1065 'nihil
934 997 1018 1068 ulte·

113 1102 183 1170 rius
197 1094 372 1168 defiderare
387 1115 492 1190 queat.
544 1096 643 1267 (gand
662 1098 793 1192 quidem
807 1093 856 1166 est
865 1100 1018 1169 omnium

113 1194 276 1293 summum
292 1196 473 1278 bonorum,
496 1219 560 1267 cun
594 1220 674 1293 aque
689 1204 771 1266 intra
792 1192 920 1267 lebona
938 1222 1018 1271 con·
1037 1250 1040 1257 -

114 1302 238 1371 tinens:
263 1301 316 1368 eui
329 1295 353 1367 fi
367 1297 446 1394 quid
456 1291 591 1385 abforet,
607 1294 769 1369 summum
786 1293 927 1369 ellenon
945 1296 1019 1396 pof-
1051 1324 1054 1335 ¹

113 1392 173 1485 set,
188 1401 340 1495 quoniam
355 1397 593 1495 relinqueretur
612 1392 819 1483 extrinsecus,
842 1394 1018 1496 qundpos·

113 1493 282 1597 setoptari.
332 1501 449 1595 Liquet
469 1504 588 1592 igitur,
612 1498 843 1589 beatitudinem
873 1494 934 1569 elle
958 1495 1019 1569 sta·-

116 1616 187 1668 tum
203 1600 366 1669 bonorum
381 1606 531 1670 omnium
556 1593 1018 1694 congregatiuuepetfeilum.

112 1700 225 1782 Hunc,
240 1700 287 1763 uti
298 1699 445 1778 diximus,
459 1693 583 1767 diverso
594 1699 720 1765 tramite
737 1697 885 1765 mortales
899 1718 1017 1767 omnes

113 1817 274 1866 conantur
291 1789 429 1890 adipisci.
479 1791 533 1865 Est
547 1794 818 1866 enim-mentibus
833 1795 1015 1879 huminum
1047 1822 1054 1865 ,Ι

112 1897 180 1964 veri
200 1895 278 1967 boni
298 1893 480 1967 naturaliter
495 1890 609 1967 inserta
624 1893 796 1989 cupiditas:
822 1890 873 1965 sed
890 1895 928 1965 ad
941 1889 1016 1965 falla

113 1990 224 2065 devius
242 2018 337 2065 error
359 1993 512 2085 abducit.¹
547 1998 700 2090 Quorum
720 1993 852 2088 quidem
868 1993 918 2064 alii
934 1989 1018 2064 sum·
1029 2066 1042 2079 ,,

113 2120 205 2167 mum
220 2092 280 2166 elle
298 2095 423 2165 bonum
438 2090 542 2164 nihilo
556 2090 702 2184 indigere
716 2094 894 2186 credentes,
918 2117 954 2163 ut
969 2093 1015 2164 di·
1047 2120 1052 2135 ¹

113 2202 199 2265 vitns
213 2193 360 2277 affluant,
385 2189 567 2263 elaborant}
587 2191 643 2262 alii
658 2212 736 2262 teto
758 2191 900 2276 bonum,
925 2192 1014 2289 quod

112 2293 149 2363 fit
177 2292 393 2383 dignilllmum
421 2297 651 2375 veneratione,
671 2291 872 2385 judicantes,
894 2291 1016 2391 adeptis
1039 2314 1042 2321 ·

111 2392 310 2476 honoribus,
326 2389 507 2460 reverendi
530 2388 652 2461 civibus
678 2384 743 2460 suis·
759 2388 822 2462 elle
852 2396 1012 2477 nituntun

110 2496 193 2563 Sunt
214 2493 271 2586 qui
290 2487 452 2561 summum
466 2485 592 2560 bonum
607 2492 642 2560 in
655 2487 777 2561 summa
793 2497 938 2590 potentia
951 2486 1014 2563 elle

109 2590 323 2667 constituant:
338 2589 429 2661 hivel
442 2613 578 2683 regnate
594 2587 651 2688 ipsi
666 2590 790 2677 volunt,
808 2592 858 2662 vel
875 2616 1012 2684 regnan·
1049 2606 1054 2677 !

109 2693 195 2767 tibus
204 2692 391 2762 “adhaerere
418 2714 589 2766 conantur.
638 2698 683 2762 At
704 2690 822 2787 quibus
850 2692 1014 2791 optindum

111 2795 264 2891 quiddam
278 2793 400 2864 claritas
416 2792 601 2885 videtur‚hi
615 2791 665 2862 vel
678 2790 770 2876 belli,
792 2790 841 2862 vel
856 2795 944 2890 pacis
966 2817 1014 2864 ar·
1037 2790 1043 2815 ⁸

110 2898 195 2964 tibus
211 2889 385 2983 gloriosum
396 2892 519 2979 nomin
534 2915 713 2992 propagate
727 2888 888 2975 festinant.
939 2892 1013 2963 Plu·

108 2997 185 3062 rimi
201 3017 278 3063 vero
291 2992 369 3062 boni
385 2989 530 3064 ftulium
545 2995 672 3099 gaudio,
685 2984 862 3090 laetitiaque
875 2995 1015 3069 metiun·
1044 3060 1054 3091 „

109 3117 181 3163 tur:
207 3093 242 3161 hi
274 3087 488 3164 felicillimum
513 3116 627 3192 putant
657 3093 821 3190 voluptate
848 3089 1015 3169 diffluere.

32 3248 34 3255 .
108 3198 191 3263 Sunt
207 3195 312 3279 etiam,
338 3197 393 3288 qui
411 3194 534 3264 horum
548 3192 651 3278 fineis,
671 3189 848 3290 mulitsque
857 3195 1012 3265 alterutro
1037 3192 1054 3277 'l

107 3315 312 3391 permutant:
336 3318 382 3378 ut,
398 3296 453 3388 qui
470 3294 593 3365 divitias
604 3294 647 3366 ob
661 3298 850 3392 potentum,
867 3293 1011 3391 volupta·
1039 3366 1042 3371 ,

108 3391 217 3493 telque
232 3392 408 3466 desiderant
414 3452 425 3485 ,
450 3395 500 3466 vel
517 3398 574 3493 qui
593 3398 774 3495 potentiam
786 3391 838 3467 seu
854 3396 1012 3493 pecuniae

899 3490 1012 3586 caulla,
1043 3608 1047 3623 Ι
