2280 3946
337 156 750 248 sncvnnva
947 202 1005 285 35

97 346 165 418 tuis
185 360 350 441 computas
371 341 483 427 bonis,
515 363 608 413 tuum
634 339 695 414 effe
728 340 851 419 bonum
876 348 1002 449 liquido
1032 380 1035 387 ’

84 436 313 521 ’ωοηίῖτεῑυτ.,
356 439 516 543 Quibusfi
532 445 615 513 nihil
630 441 710 514 inest
726 453 919 542 appetendae
932 457 1005 551 pul·
1092 480 1099 487 ·

95 547 307 628 ehriaudinis,
331 539 480 638 quidest,
508 545 595 638 quod
612 546 660 613 vel
674 545 786 614 amidis
803 549 914 637 doleas,
947 557 1000 627 vel

84 647 218 729 rlaeteris
231 644 389 719 retentis?
405 642 502 735 Quod
517 638 539 712 fi
554 667 667 714 natura
681 647 815 739 pulchra
826 647 905 736 sunt,
920 657 1001 748 quid

91 748 132 819 id
153 770 205 817 tua
222 740 346 815 refert?
367 748 455 812 Nam
475 744 549 815 haec
563 768 622 841 per
637 741 667 815 se
680 739 697 814 d
712 750 773 817 tuis
787 773 917 845 quoque
929 758 1001 849 opi·

93 844 156 945 iius
174 842 359 941 sequestrata
372 840 568 941 placuissent.
620 850 740 940 Neque
768 851 856 919 enien
875 851 1000 924 idcirco

92 940 170 1033 sunt
194 939 350 1043 pretiosa,
390 945 479 1038 quod
503 947 544 1013 in'
563 968 632 1016 tuas
656 970 771 1017 venere
786 944 924 1019 divitias:
943 948 1001 1030 sed

91 1052 251 1147 ¹quoniam
267 1039 402 1140 pretiosa
411 1043 615 1130 videbantur3
642 1049 703 1116 tuis
718 1070 752 1117 ea
765 1046 883 1118 divitiis
896 1066 1000 1122 annu·

84 1138 220 1223 'merare
245 1139 388 1213 maluisti.
438 1144 525 1241 Quid
540 1169 646 1216 autem
661 1167 750 1219 tanto
765 1143 912 1219 fortunae
922 1147 1001 1223 stee-

84 1252 166 1345 ¹{nitu
185 1241 400 1331 defidantis?
412 1247 552 1335 Fugare,
576 1246 692 1330 credo,
717 1246 930 1337 indigentiam
945 1277 1000 1323 co·
1062 1315 1072 1337 .-

84 1382 91 1401 ι
119 1349 320 1442 saquaeritis.
372 1347 471 1437 Atqui
489 1343 551 1413 hoc
571 1341 662 1414 vobis
683 1345 717 1413 in
735 1351 933 1419 contrarium
948 1376 1000 1421 ee-

87 1368 158 1543 ddtss
206 1444 352 1515 Pluribus
363 1445 485 1537 quippe
498 1441 699 1513 adminiculis
711 1468 795 1539 opus
803 1441 891 1519 estad
906 1471 999 1520 tuen·

84 1528 344 1641 „dam-predosae
366 1538 565 1638 supellediilis
590 1545 771 1613 varietatem
779 1567 794 1613 .·,
821 1568 999 1643 verumque

91 1636 275 1747 {duddi}¹
292 1642 460 1741 permultis
481 1642 631 1732 indigere,
644 1660 731 1727 eos„
757 1645 812 1738 qui
838 1649 1000 1741 permulta

118 1736 290 1815 offideant:
316 1765 498 1843 contraque
513 1745 669 1834 minimo,
692 1745 749 1838 qui
771 1742 1000 1823 abundantiam

84 1768 178 1931 fnum
196 1866 328 1929 naturae
341 1839 529 1931 necestitate,
544 1866 611 1911 non
622 1840 765 1911 ambitus
781 1841 1000 1938 superfluitate

84 1938 278 2037 ,ei'ietianenn
295 1978 303 2007 ·.
327 1947 417 2017 Itane
434 1963 539 2009 autem
555 1941 682 2009 nullum
696 1938 742 2011 est
757 1948 930 2035 proprium
946 1971 1001 2015 vo·

87 2034 143 2124 {ns
160 2032 401 2141 inquesinfitum
424 2037 566 2127 bonum,
596 2060 632 2105 ut
658 2042 690 2105 in
715 2046 872 2130 externis,
899 2066 933 2111 ae
956 2040 1001 2114 se·
1094 2118 1101 2131 ,

90 2136 203 2217 ”οίῖιὶε
220 2144 316 2215 rebus
328 2134 521 2210 bonavestra
536 2138 714 2228 quaeratis?
740 2139 790 2205 Sic
804 2161 914 2207 rerum
930 2166 1001 2212 ver·

87 2170 121 2319 de
139 2245 287 2317 conditio
301 2238 362 2319 est,
388 2256 424 2303 ut
439 2235 584 2307 divinum
597 2238 713 2303 merito
728 2239 861 2306 rationis
874 2240 999 2325 animai,

88 2328 164 2417 ndn
182 2330 342 2413 aliter²fibi
363 2326 547 2433 splendere,
574 2331 639 2403 nifi
653 2337 843 2407 inanimatae
865 2335 1000 2437 supelle-

91 2440 179 2517 &ilis
193 2439 379 2541 poisessione
395 2436 560 2504 videatur?
587 2438 626 2504 Et
639 2433 696 2501 alia
707 2437 838 2529 quidem
854 2435 1000 2512 suiscon·

90 2566 183 2617 tenta
197 2539 287 2614 sunt:
314 2559 490 2610 vosautem
513 2539 585 2604 Deo
603 2556 713 2604 mente
737 2532 935 2623 eonfimiles‚
961 2541 1001 2611 ab

88 2644 194 2717 rebus
211 2640 329 2712 infimis
344 2633 527 2709 *excellentis
549 2655 678 2705 naturae
694 2656 880 2703 ornamenta
895 2661 1001 2731 capta-

88 2748 149 2816 tis:
176 2768 245 2813 non
258 2741 434 2831 intelligitis
449 2724 896 2832 quantameondiwri-vestrp
911 2731 1003 2805 facia·
1091 2732 1094 2737 ’
1130 2718 1133 2723 ’

88 2846 135 2915 tis
152 2844 313 2933 injuriam.
366 2839 423 2909 lile
437 2860 539 2931 genus
556 2834 735 2904 humanum
751 2836 886 2902 terrenis
897 2838 1002 2904 omni·

87 2942 155 3015 bus
170 2941 328 3041 praestare
347 2941 463 3011 voluit:
487 2959 543 3006 vos
559 2933 747 3024 dignitatem
768 2927 901 3002 vestram
917 2931 1004 3005 infra

91 3040 208 3115 infima
219 3067 363 3141 quaeque
373 3035 552 3112 deeruditis.
605 3028 1004 3130 Namfiomnecujusque

93 3138 241 3238 bonum,
267 3170 307 3214 eo
322 3144 412 3237 cujus
429 3137 491 3223 est,
517 3130 639 3208 constat
654 3129 716 3203 effe
732 3130 913 3227 pretiosius,
927 3159 1006 3207 cum

88 3241 241 3319 viiiffinna
262 3267 373 3314 rerum
388 3236 489 3311 vestra
504 3236 588 3307 bona
612 3230 673 3305 effe
698 3233 860 3328 judicatis,
884 3235 1007 3306 eisdem

87 3341 310 3439 vosmetipsos
324 3338 424 3412 vestra
439 3334 656 3407 aestimatione
671 3329 884 3407 summittitis:
917 3332 1008 3427 quod

89 3446 230 3545 quidem
242 3446 330 3520 haud
350 3440 517 3519 inmerito
539 3436 632 3609 cagia
691 3437 863 3508 Humanae
883 3437 1009 3532 quippe

107 3548 113 3559 ’
621 3557 644 3619 2
914 3553 1008 3604 natus
