2242 3952
159 208 203 281 52
457 180 722 252 stone
777 202 780 207 ·
916 166 920 177 '

430 350 674 422 PROSA
722 344 803 417 111.
846 374 850 379 ·

150 586 152 592 ,
169 537 242 714 V
244 559 280 607 os
297 556 427 633 quoque
439 531 463 613 ὃ,
473 500 600 611 terrens
610 520 776 614 animulis,
800 527 933 601 tenuili

267 637 362 728 gine,
378 633 527 720 ,vesttnm
545 658 662 707 tamen·
674 632 888 731 principium
904 625 927 717 s

170 759 350 832 verumque
369 735 460 808 illurn
476 734 680 808 beatitudinis
698 729 823 817 sinent,
850 730 927 803 licet
963 728 969 745 '

169 833 367 937 perspicaci,
388 837 613 933 qualicumque
641 856 750 904 tamen
779 832 970 924 cogitatione

171 935 312 1035 spicitis,
333 958 439 1031 eoque
455 960 529 1023 vos,
550 934 634 1008 etad
650 957 768 1005 verum
781 930 918 1003 bonum

171 1028 263 1107 ducit
278 1036 427 1123 intentio,
452 1057 485 1106 et
499 1035 539 1113 ab
554 1035 670 1109 eodem
685 1030 865 1129 multiplex
880 1054 963 1101 ertu

171 1138 229 1209 cit.
278 1131 453 1207 Confidera
465 1158 622 1229 namque,
636 1159 677 1205 an
693 1154 761 1231 per¹
769 1152 822 1215 ea,
844 1129 959 1229 quibu

175 1235 280 1305 mines
301 1232 473 1330 adepturos
492 1234 724 1306 beatitudinem
735 1251 882 1331 putant,
903 1228 940 1303 td
984 1304 986 1309 .

176 1353 249 1403 tum
270 1327 370 1403 finem
391 1333 513 1406 valeant
532 1333 716 1431 pervenire.
755 1332 803 1401 -si
816 1333 915 1403 enim
928 1327 986 1423 vclp

178 1434 248 1515 nia,
274 1431 322 1502 vel
343 1432 507 1519 honoret,
533 1453 718 1526 caeteraque
744 1430 809 1501 tele
831 1430 919 1528 quid
933 1424 986 1501 tstl

178 1533 234 1602 cui
247 1531 329 1600 nihil
341 1528 619 1607 bonorumsbelse
633 1528 790 1617 videatur,
816 1556 895 1605 nos.

181 1652 307 1700 reamur
338 1627 411 1700 fieri
433 1628 573 1727 aliquos·
599 1631 720 1707 horum
758 1544 986 1727 adeptioffi

182 1729 282 1827 Quod
299 1726 320 1798 fi
333 1753 439 1825 neque
453 1731 490 1802 id
502 1729 607 1803 valent
621 1726 757 1813 efficere,
767 1731 872 1823 ,quod
888 1738 986 1828 pass

181 1827 341 1924 bonisque
359 1827 506 1926 pluribus
526 1840 658 1909 carent,
681 1850 795 1898 nonne
816 1810 986 1924 liquidem

184 1931 232 2000 eis
255 1927 459 2000 beatitudinis
482 1925 599 2026 species
626 1920 986 2024 deprehendimini!

187 2031 288 2120 igitur
307 2025 461 2127 teipsum,
482 2031 541 2126 qui
566 2027 675 2126 psullo
694 2046 769 2097 rnre
784 2026 916 2099 divitiis
931 2014 986 2095 effi

187 2131 368 2220 interrogo.
417 2134 508 2201 Inter
521 2127 588 2201 illas
604 2121 893 2198 abundantissimas
915 2140 986 2221 opfll

189 2250 328 2320 quamne
344 2229 489 2298 animum
511 2248 607 2299 tuum
627 2245 783 2322 concepta
795 2244 835 2295 ex
855 2218 986 2322 qualite

188 2328 234 2392 ria
249 2322 398 2394 confudit
411 2322 572 2397 anxietas?
596 2319 707 2420 Atqui,
732 2327 892 2421 inquam,
917 2316 986 2395 nml

189 2446 243 2493 me
260 2419 353 2493 fuisse
365 2425 484 2513 animo,
503 2427 585 2521 quin
600 2424 719 2520 aliquid
731 2419 857 2521 semper
874 2438 986 2519 angen

190 2518 317 2592 minisci
325 2546 462 2620 nequeo.
512 2529 639 2596 Nonne
652 2527 729 2622 quia
743 2523 791 2595 vel
805 2522 930 2608 aberat,
943 2540 986 2621 qut

189 2618 254 2695 esse
270 2647 340 2695 non
352 2623 465 2696 velles:
489 2628 541 2697 vel
557 2625 679 2712 aderat,
701 2624 791 2722 quod
804 2622 913 2697 adesse
926 2622 986 2696 nol

191 2727 239 2795 Ita
261 2721 329 2811 est,
351 2727 497 2823 inquam.
547 2726 637 2798 Illius
659 2728 761 2822 igitur
780 2720 986 2825 praesentiam

189 2824 244 2919 jus
267 2820 439 2900 absentiam
461 2823 667 2904 desiderabas.
727 2822 931 2911 Confiteor,
952 2827 986 2896 in

191 2927 275 3014 Eget
295 2950 391 3010 vero,
414 2929 542 3024 inquit,
566 2952 624 3016 eo,
647 2927 737 3025 quod
756 2929 897 3024 quisque
919 2922 986 2998 defit

192 3024 294 3113 Eget,
318 3029 462 3122 inquam.
510 3030 578 3128 Qui
603 3053 682 3100 vero
701 3050 774 3122 eget
796 3026 937 3125 aliquo,
958 3050 986 3099 m

195 3117 424 3220 usquequaque
438 3124 495 3200 sabi
509 3126 567 3225 ipsi
584 3125 768 3201 sufficiens?
785 3128 946 3222 Minime,
959 3129 986 3199 in

196 3223 255 3290 Tu
268 3224 373 3316 itaque
393 3225 475 3298 hanc
488 3224 742 3302 insufficientiam
756 3230 881 3327 plenus,
895 3232 986 3326 inqu

195 3318 256 3391 bus
275 3318 470 3396 sustinebas?
493 3330 580 3428 Quid
605 3331 670 3417 ni?
696 3331 837 3426 inquam.
888 3333 986 3427 Opes

195 3421 299 3535 nihilo
313 3424 531 3547 indigentem,
555 3426 831 3527 sufficientemque
842 3425 986 3503 fibi-fact

963 3557 986 3633 ‘l
