2280 3946
379 174 738 271 TERTIVS.
853 232 856 239 -
969 186 1016 259 m

359 340 769 481 'oulosavnt
936 307 939 315 ’

115 547 255 727 Nihil
273 550 373 644 igitur
386 549 523 625 dubium
536 549 604 638 ests
621 555 701 650 quin
714 552 774 626 hae
792 549 832 624 ad
851 549 1023 629 beatitudi-

199 678 207 693 ··
220 674 296 722 nean
311 655 381 724 viae
399 651 655 750 devia-quaedam
667 651 745 742 lint,
769 677 833 726 nee
846 655 1024 750 perducere
1105 666 1113 681 '

122 778 164 833 eo
180 775 375 850 quemquam
389 754 520 847 valeant,
533 754 577 824 :ad
591 755 680 851 quod
696 751 727 826 se
742 751 952 853 perdulluras
962 751 1024 824 elle

99 855 334 950 ..promittuut
394 857 530 952 Qtontia
544 878 622 926 veto
647 854 821 954 implicitae
839 854 934 927 molis
952 851 1026 934 sint,

124 949 306 1025 breviffime
317 952 511 1026 monstrabo.
563 956 653 1054 Qtid
672 952 785 1034 eninr?
809 954 1026 1052 pecuniamne

106 1076 324 1145 ,congregare
343 1052 537 1132 conaberis?
567 1052 619 1127 scd
641 1058 687 1126 eti
713 1058 757 1128 ies
773 1053 917 1123 babenti.
967 1054 1026 1122 Di·
1117 1114 1119 1119 .

124 1149 303 1247 gnitatibus
316 1146 442 1245 fulgere
457 1154 559 1233 velis?
584 1155 674 1225 danti
686 1080 891 1250 bipplicabis:
923 1155 1027 1248 etqui

113 1255 252 1349 ‘praeire
264 1273 387 1323 ceteros
401 1254 529 1326 honore
542 1257 651 1349 cupis,
671 1251 823 1351 poscendi
847 1253 1028 1347 humilitate
1114 1332 1116 1337 ,

126 1346 263 1424 vilesces.
313 1355 536 1427 Potentiamne
550 1349 731 1429 desideras?
756 1347 972 1442 subjectorum
980 1353 1029 1421 in·

131 1446 211 1525 liliis
225 1450 394 1538 obnoxius,
432 1453 558 1527 ericulis
574 1447 755 1544 subjacebis.
807 1449 956 1521 Gloriam
972 1473 1027 1549 pe·

134 1550 194 1629 tit?
226 1547 283 1643 sed·
301 1575 360 1650 pet
382 1476 491 1649 cipere
512 1574 659 1648 quaeque.
680 1545 865 1642 illinitus,
888 1548 1026 1621 'leeutus

131 1645 191 1722 elle
203 1645 333 1721 debilis.
383 1651 609 1751 Voluptariam
630 1652 728 1723 vitam
747 1650 860 1742 degas,
881 1647 934 1722 sed
954 1652 1030 1747 quis

113 1772 201 1839 non
217 1745 361 1847 spernat,
382 1770 414 1825 at
438 1778 478 1825 tte
490 1752 612 1848 abjiciat
625 1746 787 1823 viliffimae
801 1746 1029 1843 fragilillimae·

152 1778 604 1949 'ttereicorporisier-vicium?
624 1856 695 1923 Iam
708 1850 1026 1947 veroquibonaprae

81 1956 84 1963 '
126 1872 314 2047 {corporis
326 1948 554 2047 ferunt,quam
566 1954 687 2042 exigua,
695 1958 791 2044 quatn'
800 1947 990 2047 fragilipoll
1005 1946 1029 2020 s·

127 2043 396 2122 fionenituntur!
418 2053 611 2123 Numenim
625 2049 1029 2143 elephantesmole,tautos

131 2145 255 2221 robore
276 2145 425 2248 superare
445 2147 619 2246 poteritis‘.l
643 2171 726 2217 num
749 2148 847 2240 tigres
864 2149 1031 2220 velocitate

96 2250 100 2261 '
129 2246 320 2349 praeibitis?
344 2247 503 2347 Respicite
522 2247 604 2320 coeli
619 2242 765 2346 spatium,
785 2244 1033 2335 firmitudinem,

109 2344 341 2437 ,calensem
372 2370 415 2420 et·
435 2348 605 2444 aliquando
639 2345 772 2421 definite
797 2350 886 2420 vilia
909 2351 1035 2423 mirari.

129 2446 232 2548 Qrod
247 2450 382 2545 quidem·
398 2448 526 2521 coelum
549 2473 619 2522 non
637 2448 695 2526 ¹his
714 2452 824 2548 potius
848 2446 910 2536 e'st,
936 2474 1036 2548 quam

82 2558 104 2571 ''
129 2543 206 2643 lua,
228 2572 290 2645 qua
313 2552 440 2643 regitur
476 2553 623 2637 ratione,
647 2549 842 2622 mirandum.
892 2555 1035 2622 Formae

130 2671 212 2719 vero
228 2651 317 2721 nitor
331 2673 368 2721 ut
380 2651 511 2749 rapidus
529 2647 591 2735 est,
614 2670 651 2721 ut
670 2649 783 2735 velox,
806 2668 839 2720 et
854 2651 1036 2721 vernalium

129 2744 254 2822 florum
268 2749 479 2825 mutabilitate
493 2747 653 2845 fugacior!
678 2749 779 2847 Quod
798 2744 839 2836 fi,
860 2767 898 2819 ut
911 2745 1035 2820 Aristo·

129 2846 210 2921 teles
233 2851 294 2939 ait,
319 2855 458 2948 Lynceis
491 2851 593 2924 oculis
614 2849 766 2922 homines
784 2868 973 2949 uterentur,
995 2871 1034 2921 ut

127 2971 249 3022 eorum
268 2947 350 3024 visus
365 2951 517 3026 obstantia
530 2971 730 3049 penetraret,
751 2974 864 3027 nonne
878 2945 1035 3050 introspe-

127 3044 193 3123 {iis
208 3046 393 3144 visceribus,
416 3053 496 3126 illud
514 3049 686 3124 Alcibiadis
705 3047 874 3151 superficie
886 3054 1037 3153 pulcher·

127 3152 253 3225 timum
268 3177 406 3253 corpus,
436 3151 653 3253 turpillimum
669 3153 859 3249 videretur?
883 3159 988 3247 Igitur
1003 3175 1036 3225 te

125 3250 310 3423 pulchrum
324 3257 443 3354 videri,
464 3282 532 3329 non
551 3277 603 3326 tua
627 3278 759 3339 natura,
790 3250 842 3327 sed
863 3257 1039 3329 oculorum

142 3348 453 3449 pelnnaumrcodic
463 3355 643 3432 infirmitas.
692 3357 753 3427 Sed
762 3353 931 3440 aestimate,
939 3379 1039 3452 quarn

120 3454 229 3529 sultis
243 3460 353 3531 nimio
367 3460 517 3558 corporis
531 3456 626 3549 bona5
641 3458 720 3530 dum
739 3451 840 3528 sciatis
851 3452 1038 3554 lioc,quod·

184 3564 206 3599 ·'
911 3614 919 3629 a
960 3572 1057 3622 euen-
