<?xml version="1.0" encoding="UTF-8"?>
<!DOCTYPE html PUBLIC "-//W3C//DTD XHTML 1.0 Transitional//EN"
    "http://www.w3.org/TR/xhtml1/DTD/xhtml1-transitional.dtd">
<html xmlns="http://www.w3.org/1999/xhtml" xml:lang="en" lang="en">
 <head>
  <title>
</title>
<meta http-equiv="Content-Type" content="text/html;charset=utf-8" />
  <meta name='ocr-system' content='tesseract 3.04.00' />
  <meta name='ocr-capabilities' content='ocr_page ocr_carea ocr_par ocr_line ocrx_word'/>
</head>
<body>
  <div class='ocr_page' id='page_1' title='image "aniciimanliitor00boetgoog_0075.png"; bbox 0 0 2280 3946; ppageno 0'>
   <div class='ocr_carea' id='block_1_1' title="bbox 83 70 740 217">
    <p class='ocr_par' dir='ltr' id='par_1_1' title="bbox 83 70 740 217">
     <span class='ocr_line' id='line_1_1' title="bbox 83 70 740 217; baseline -0.005 -20"><span class='ocrx_word' id='word_1_1' title='bbox 83 70 86 77; x_wconf 39' lang='lat'>¹</span> <span class='ocrx_word' id='word_1_2' title='bbox 179 114 261 197; x_wconf 63' lang='lat'>225·-</span> <span class='ocrx_word' id='word_1_3' title='bbox 323 181 379 215; x_wconf 74' lang='grc'>,,</span> <span class='ocrx_word' id='word_1_4' title='bbox 504 122 740 217; x_wconf 67' lang='lat' dir='ltr'>iurauit</span> 
     </span>
    </p>
   </div>
   <div class='ocr_carea' id='block_1_2' title="bbox 119 287 1098 1467">
    <p class='ocr_par' dir='ltr' id='par_1_2' title="bbox 119 287 1098 1467">
     <span class='ocr_line' id='line_1_2' title="bbox 182 287 1096 387; baseline 0.001 -25"><span class='ocrx_word' id='word_1_5' title='bbox 182 287 320 371; x_wconf 89' lang='lat' dir='ltr'>niscare,</span> <span class='ocrx_word' id='word_1_6' title='bbox 342 314 401 362; x_wconf 86' lang='lat' dir='ltr'>nec</span> <span class='ocrx_word' id='word_1_7' title='bbox 424 289 568 369; x_wconf 79' lang='lat' dir='ltr'>habuisse</span> <span class='ocrx_word' id='word_1_8' title='bbox 592 313 623 363; x_wconf 91' lang='lat' dir='ltr'>te</span> <span class='ocrx_word' id='word_1_9' title='bbox 645 293 733 361; x_wconf 87' lang='lat' dir='ltr'>inea</span> <span class='ocrx_word' id='word_1_10' title='bbox 756 288 931 387; x_wconf 91' lang='lat' dir='ltr'>pulchrum</span> <span class='ocrx_word' id='word_1_11' title='bbox 955 290 1096 387; x_wconf 90' lang='lat' dir='ltr'>aliquid,</span> 
     </span>
     <span class='ocr_line' id='line_1_3' title="bbox 119 387 1094 496; baseline -0.001 -31"><span class='ocrx_word' id='word_1_12' title='bbox 119 476 129 496; x_wconf 33' lang='lat'><em>⁹</em></span> <span class='ocrx_word' id='word_1_13' title='bbox 184 389 579 484; x_wconf 84' lang='lat' dir='ltr'>necamisrssecognosces.</span> <span class='ocrx_word' id='word_1_14' title='bbox 639 391 719 478; x_wconf 82' lang='lat' dir='ltr'>Sed,</span> <span class='ocrx_word' id='word_1_15' title='bbox 750 412 787 462; x_wconf 91' lang='lat' dir='ltr'>ut</span> <span class='ocrx_word' id='word_1_16' title='bbox 810 387 967 474; x_wconf 80' lang='lat' dir='ltr'>arbitror,</span> <span class='ocrx_word' id='word_1_17' title='bbox 1002 392 1094 464; x_wconf 88' lang='lat' dir='ltr'>haud</span> 
     </span>
     <span class='ocr_line' id='line_1_4' title="bbox 184 490 1094 575; baseline -0.002 -11"><span class='ocrx_word' id='word_1_18' title='bbox 184 493 324 564; x_wconf 88' lang='lat' dir='ltr'>multum</span> <span class='ocrx_word' id='word_1_19' title='bbox 341 492 398 563; x_wconf 90' lang='lat' dir='ltr'>tibi</span> <span class='ocrx_word' id='word_1_20' title='bbox 415 495 491 564; x_wconf 85' lang='lat' dir='ltr'>haec</span> <span class='ocrx_word' id='word_1_21' title='bbox 511 497 546 564; x_wconf 91' lang='lat' dir='ltr'>in</span> <span class='ocrx_word' id='word_1_22' title='bbox 571 495 769 575; x_wconf 83' lang='lat' dir='ltr'>memoriam</span> <span class='ocrx_word' id='word_1_23' title='bbox 795 514 943 561; x_wconf 78' lang='lat' dir='ltr'>reuocare</span> <span class='ocrx_word' id='word_1_24' title='bbox 965 490 1094 562; x_wconf 91' lang='lat' dir='ltr'>labora·</span> 
     </span>
     <span class='ocr_line' id='line_1_5' title="bbox 183 586 1092 689; baseline -0.001 -26"><span class='ocrx_word' id='word_1_25' title='bbox 183 596 296 663; x_wconf 85' lang='lat' dir='ltr'><strong>verim.</strong></span> <span class='ocrx_word' id='word_1_26' title='bbox 331 592 456 664; x_wconf 85' lang='lat' dir='ltr'>Solebas</span> <span class='ocrx_word' id='word_1_27' title='bbox 471 597 557 665; x_wconf 91' lang='lat' dir='ltr'>enim</span> <span class='ocrx_word' id='word_1_28' title='bbox 572 586 769 689; x_wconf 71' lang='lat' dir='ltr'>praesentem</span> <span class='ocrx_word' id='word_1_29' title='bbox 780 590 1092 687; x_wconf 87' lang='lat' dir='ltr'>quoque,blandien·</span> 
     </span>
     <span class='ocr_line' id='line_1_6' title="bbox 183 686 1095 789; baseline 0.002 -28"><span class='ocrx_word' id='word_1_30' title='bbox 183 712 316 789; x_wconf 85' lang='lat' dir='ltr'>temque</span> <span class='ocrx_word' id='word_1_31' title='bbox 331 693 475 764; x_wconf 88' lang='lat' dir='ltr'>virilibus</span> <span class='ocrx_word' id='word_1_32' title='bbox 493 690 645 764; x_wconf 76' lang='lat' dir='ltr'>incessere</span> <span class='ocrx_word' id='word_1_33' title='bbox 659 686 784 777; x_wconf 80' lang='lat' dir='ltr'>verbis3</span> <span class='ocrx_word' id='word_1_34' title='bbox 809 715 943 786; x_wconf 87' lang='lat' dir='ltr'>eamque</span> <span class='ocrx_word' id='word_1_35' title='bbox 971 690 1011 760; x_wconf 89' lang='lat' dir='ltr'>de</span> <span class='ocrx_word' id='word_1_36' title='bbox 1032 716 1095 763; x_wconf 90' lang='lat' dir='ltr'>no·</span> 
     </span>
     <span class='ocr_line' id='line_1_7' title="bbox 184 786 1095 891; baseline 0.001 -29"><span class='ocrx_word' id='word_1_37' title='bbox 184 789 367 884; x_wconf 81' lang='lat' dir='ltr'>stro-adyto</span> <span class='ocrx_word' id='word_1_38' title='bbox 381 795 511 891; x_wconf 91' lang='lat' dir='ltr'>prolatis</span> <span class='ocrx_word' id='word_1_39' title='bbox 523 787 718 866; x_wconf 75' lang='lat' dir='ltr'>insessabare</span> <span class='ocrx_word' id='word_1_40' title='bbox 741 786 914 861; x_wconf 84' lang='lat' dir='ltr'>sententiis.</span> <span class='ocrx_word' id='word_1_41' title='bbox 963 794 1095 863; x_wconf 89' lang='lat' dir='ltr'>Verum</span> 
     </span>
     <span class='ocr_line' id='line_1_8' title="bbox 181 887 1095 987; baseline -0.001 -24"><span class='ocrx_word' id='word_1_42' title='bbox 181 897 292 963; x_wconf 90' lang='lat' dir='ltr'>omnis</span> <span class='ocrx_word' id='word_1_43' title='bbox 306 887 404 961; x_wconf 90' lang='lat' dir='ltr'>subita</span> <span class='ocrx_word' id='word_1_44' title='bbox 415 898 552 966; x_wconf 92' lang='lat' dir='ltr'>mutatio</span> <span class='ocrx_word' id='word_1_45' title='bbox 567 917 677 964; x_wconf 88' lang='lat' dir='ltr'>retum</span> <span class='ocrx_word' id='word_1_46' title='bbox 689 888 849 962; x_wconf 84' lang='lat' dir='ltr'>nonfine·</span> <span class='ocrx_word' id='word_1_47' title='bbox 871 890 987 960; x_wconf 87' lang='lat' dir='ltr'>undam</span> <span class='ocrx_word' id='word_1_48' title='bbox 1005 889 1095 987; x_wconf 85' lang='lat' dir='ltr'>quast</span> 
     </span>
     <span class='ocr_line' id='line_1_9' title="bbox 188 915 1097 1085; baseline 0.001 -22"><span class='ocrx_word' id='word_1_49' title='bbox 188 989 291 1063; x_wconf 75' lang='lat' dir='ltr'>slussu</span> <span class='ocrx_word' id='word_1_50' title='bbox 309 994 469 1085; x_wconf 84' lang='lat' dir='ltr'>contingit</span> <span class='ocrx_word' id='word_1_51' title='bbox 491 997 686 1065; x_wconf 83' lang='lat' dir='ltr'>animorum.</span> <span class='ocrx_word' id='word_1_52' title='bbox 744 994 795 1065; x_wconf 79' lang='lat' dir='ltr'>Sic</span> <span class='ocrx_word' id='word_1_53' title='bbox 814 915 937 1068; x_wconf 58' lang='lat' dir='ltr'>fadum</span> <span class='ocrx_word' id='word_1_54' title='bbox 967 988 1031 1073; x_wconf 83' lang='lat' dir='ltr'>est,</span> <span class='ocrx_word' id='word_1_55' title='bbox 1059 1009 1097 1064; x_wconf 81' lang='lat' dir='ltr'>ut</span> 
     </span>
     <span class='ocr_line' id='line_1_10' title="bbox 187 1085 1094 1190; baseline 0.002 -32"><span class='ocrx_word' id='word_1_56' title='bbox 187 1111 224 1160; x_wconf 91' lang='lat' dir='ltr'>tu</span> <span class='ocrx_word' id='word_1_57' title='bbox 240 1112 369 1185; x_wconf 88' lang='lat' dir='ltr'>quoque</span> <span class='ocrx_word' id='word_1_58' title='bbox 391 1088 549 1190; x_wconf 84' lang='lat' dir='ltr'>paulisper</span> <span class='ocrx_word' id='word_1_59' title='bbox 570 1095 588 1165; x_wconf 76' lang='lat' dir='ltr'>i</span> <span class='ocrx_word' id='word_1_60' title='bbox 604 1117 656 1166; x_wconf 90' lang='lat' dir='ltr'>tua</span> <span class='ocrx_word' id='word_1_61' title='bbox 671 1091 900 1188; x_wconf 72' lang='lat' dir='ltr'>tranquillitate</span> <span class='ocrx_word' id='word_1_62' title='bbox 912 1085 1094 1162; x_wconf 87' lang='lat' dir='ltr'>discesseris.</span> 
     </span>
     <span class='ocr_line' id='line_1_11' title="bbox 186 1189 1097 1289; baseline 0.008 -31"><span class='ocrx_word' id='word_1_63' title='bbox 186 1190 247 1259; x_wconf 81' lang='lat' dir='ltr'>sed</span> <span class='ocrx_word' id='word_1_64' title='bbox 268 1211 395 1285; x_wconf 82' lang='lat' dir='ltr'>tempus</span> <span class='ocrx_word' id='word_1_65' title='bbox 418 1189 480 1278; x_wconf 83' lang='lat' dir='ltr'>est,</span> <span class='ocrx_word' id='word_1_66' title='bbox 508 1195 640 1267; x_wconf 85' lang='lat' dir='ltr'>haurire</span> <span class='ocrx_word' id='word_1_67' title='bbox 665 1215 696 1265; x_wconf 90' lang='lat' dir='ltr'>te</span> <span class='ocrx_word' id='word_1_68' title='bbox 720 1192 897 1289; x_wconf 68' lang='lat' dir='ltr'>aliquidne</span> <span class='ocrx_word' id='word_1_69' title='bbox 928 1189 1097 1282; x_wconf 83' lang='lat' dir='ltr'>degustare</span> 
     </span>
     <span class='ocr_line' id='line_1_12' title="bbox 187 1289 1098 1390; baseline 0.003 -31"><span class='ocrx_word' id='word_1_70' title='bbox 187 1289 304 1375; x_wconf 89' lang='lat' dir='ltr'>molle,</span> <span class='ocrx_word' id='word_1_71' title='bbox 326 1310 422 1386; x_wconf 88' lang='lat' dir='ltr'>atque</span> <span class='ocrx_word' id='word_1_72' title='bbox 434 1292 631 1387; x_wconf 81' lang='lat' dir='ltr'>jucundum,</span> <span class='ocrx_word' id='word_1_73' title='bbox 655 1292 744 1390; x_wconf 91' lang='lat' dir='ltr'>quod</span> <span class='ocrx_word' id='word_1_74' title='bbox 757 1293 796 1364; x_wconf 88' lang='lat' dir='ltr'>ad</span> <span class='ocrx_word' id='word_1_75' title='bbox 816 1293 972 1363; x_wconf 86' lang='lat' dir='ltr'>interiora</span> <span class='ocrx_word' id='word_1_76' title='bbox 994 1315 1098 1362; x_wconf 86' lang='lat' dir='ltr'>trans·</span> 
     </span>
     <span class='ocr_line' id='line_1_13' title="bbox 187 1385 1098 1467; baseline 0.001 -6"><span class='ocrx_word' id='word_1_77' title='bbox 187 1385 317 1461; x_wconf 87' lang='lat' dir='ltr'>missum</span> <span class='ocrx_word' id='word_1_78' title='bbox 330 1391 536 1467; x_wconf 86' lang='lat' dir='ltr'>validioribus</span> <span class='ocrx_word' id='word_1_79' title='bbox 551 1393 713 1466; x_wconf 86' lang='lat' dir='ltr'>haustibus</span> <span class='ocrx_word' id='word_1_80' title='bbox 730 1399 812 1465; x_wconf 87' lang='lat' dir='ltr'>viam</span> <span class='ocrx_word' id='word_1_81' title='bbox 829 1390 953 1466; x_wconf 82' lang='lat' dir='ltr'>feeerit.</span> <span class='ocrx_word' id='word_1_82' title='bbox 1003 1388 1098 1462; x_wconf 79' lang='lat' dir='ltr'>Adsit</span> 
     </span>
    </p>
   </div>
   <div class='ocr_carea' id='block_1_3' title="bbox 132 1488 1122 3553">
    <p class='ocr_par' dir='ltr' id='par_1_3' title="bbox 132 1488 1122 3553">
     <span class='ocr_line' id='line_1_14' title="bbox 188 1488 1115 1584; baseline 0.005 -26"><span class='ocrx_word' id='word_1_83' title='bbox 188 1490 290 1582; x_wconf 86' lang='lat' dir='ltr'>igitur</span> <span class='ocrx_word' id='word_1_84' title='bbox 317 1492 496 1583; x_wconf 85' lang='lat' dir='ltr'>rhetoricae</span> <span class='ocrx_word' id='word_1_85' title='bbox 526 1491 646 1567; x_wconf 86' lang='lat' dir='ltr'>suadela</span> <span class='ocrx_word' id='word_1_86' title='bbox 675 1493 874 1578; x_wconf 81' lang='lat' dir='ltr'>dulcedinis,</span> <span class='ocrx_word' id='word_1_87' title='bbox 915 1513 994 1584; x_wconf 87' lang='lat' dir='ltr'>quae</span> <span class='ocrx_word' id='word_1_88' title='bbox 1015 1488 1115 1563; x_wconf 79' lang='lat' dir='ltr'>tune¹</span> 
     </span>
     <span class='ocr_line' id='line_1_15' title="bbox 190 1584 1100 1687; baseline 0.005 -31"><span class='ocrx_word' id='word_1_89' title='bbox 190 1610 315 1656; x_wconf 90' lang='lat' dir='ltr'>tantum</span> <span class='ocrx_word' id='word_1_90' title='bbox 328 1586 419 1658; x_wconf 74' lang='lat' dir='ltr'>cesso</span> <span class='ocrx_word' id='word_1_91' title='bbox 439 1590 513 1660; x_wconf 89' lang='lat' dir='ltr'>ealle</span> <span class='ocrx_word' id='word_1_92' title='bbox 529 1593 693 1687; x_wconf 87' lang='lat' dir='ltr'>procedit,</span> <span class='ocrx_word' id='word_1_93' title='bbox 727 1614 803 1661; x_wconf 90' lang='lat' dir='ltr'>cum</span> <span class='ocrx_word' id='word_1_94' title='bbox 824 1586 932 1658; x_wconf 89' lang='lat' dir='ltr'>nostra</span> <span class='ocrx_word' id='word_1_95' title='bbox 953 1584 1100 1661; x_wconf 86' lang='lat' dir='ltr'>instituta</span> 
     </span>
     <span class='ocr_line' id='line_1_16' title="bbox 189 1680 1103 1782; baseline 0.001 -27"><span class='ocrx_word' id='word_1_96' title='bbox 189 1709 260 1755; x_wconf 90' lang='lat' dir='ltr'>non</span> <span class='ocrx_word' id='word_1_97' title='bbox 275 1680 406 1770; x_wconf 81' lang='lat' dir='ltr'>deserit3</span> <span class='ocrx_word' id='word_1_98' title='bbox 431 1710 571 1782; x_wconf 87' lang='lat' dir='ltr'>cumque</span> <span class='ocrx_word' id='word_1_99' title='bbox 584 1690 645 1756; x_wconf 91' lang='lat' dir='ltr'>hac</span> <span class='ocrx_word' id='word_1_100' title='bbox 664 1684 790 1757; x_wconf 75' lang='lat' dir='ltr'>Musica</span> <span class='ocrx_word' id='word_1_101' title='bbox 803 1690 895 1757; x_wconf 86' lang='lat' dir='ltr'>Laris</span> <span class='ocrx_word' id='word_1_102' title='bbox 907 1683 1009 1754; x_wconf 90' lang='lat' dir='ltr'>noslri</span> <span class='ocrx_word' id='word_1_103' title='bbox 1026 1711 1103 1756; x_wconf 87' lang='lat' dir='ltr'>ver·</span> 
     </span>
     <span class='ocr_line' id='line_1_17' title="bbox 188 1779 1102 1876; baseline 0 -23"><span class='ocrx_word' id='word_1_104' title='bbox 188 1784 265 1853; x_wconf 84' lang='lat' dir='ltr'>&#39;nula</span> <span class='ocrx_word' id='word_1_105' title='bbox 281 1806 368 1852; x_wconf 88' lang='lat' dir='ltr'>nune</span> <span class='ocrx_word' id='word_1_106' title='bbox 380 1784 533 1870; x_wconf 78' lang='lat' dir='ltr'>leviores,</span> <span class='ocrx_word' id='word_1_107' title='bbox 559 1810 648 1857; x_wconf 90' lang='lat' dir='ltr'>nunc</span> <span class='ocrx_word' id='word_1_108' title='bbox 669 1787 832 1876; x_wconf 84' lang='lat' dir='ltr'>graviores</span> <span class='ocrx_word' id='word_1_109' title='bbox 861 1784 976 1855; x_wconf 91' lang='lat' dir='ltr'>modos</span> <span class='ocrx_word' id='word_1_110' title='bbox 997 1779 1102 1854; x_wconf 89' lang='lat' dir='ltr'>sueci-</span> 
     </span>
     <span class='ocr_line' id='line_1_18' title="bbox 187 1879 1103 1983; baseline -0.008 -25"><span class='ocrx_word' id='word_1_111' title='bbox 187 1892 255 1960; x_wconf 77' lang='lat' dir='ltr'>titt.</span> <span class='ocrx_word' id='word_1_112' title='bbox 279 1884 290 1923; x_wconf 88' lang='grc'>·’</span> <span class='ocrx_word' id='word_1_113' title='bbox 305 1883 393 1980; x_wconf 81' lang='lat' dir='ltr'>Quid</span> <span class='ocrx_word' id='word_1_114' title='bbox 407 1879 452 1953; x_wconf 89' lang='lat' dir='ltr'>est</span> <span class='ocrx_word' id='word_1_115' title='bbox 465 1886 564 1976; x_wconf 86' lang='lat' dir='ltr'>igitur</span> <span class='ocrx_word' id='word_1_116' title='bbox 578 1881 600 1955; x_wconf 81' lang='lat' dir='ltr'>d</span> <span class='ocrx_word' id='word_1_117' title='bbox 615 1885 735 1973; x_wconf 89' lang='lat' dir='ltr'>homo,</span> <span class='ocrx_word' id='word_1_118' title='bbox 761 1884 852 1983; x_wconf 86' lang='lat' dir='ltr'>quod</span> <span class='ocrx_word' id='word_1_119' title='bbox 873 1906 904 1954; x_wconf 88' lang='lat' dir='ltr'>te</span> <span class='ocrx_word' id='word_1_120' title='bbox 919 1879 1103 1979; x_wconf 52' lang='lat' dir='ltr'>tomaene</span> 
     </span>
     <span class='ocr_line' id='line_1_19' title="bbox 191 1979 1113 2082; baseline 0.001 -30"><span class='ocrx_word' id='word_1_121' title='bbox 191 1985 285 2067; x_wconf 88' lang='lat' dir='ltr'>tiam,</span> <span class='ocrx_word' id='word_1_122' title='bbox 308 1979 496 2082; x_wconf 68' lang='lat' dir='ltr'>ludumque</span> <span class='ocrx_word' id='word_1_123' title='bbox 516 1985 659 2081; x_wconf 79' lang='lat' dir='ltr'>dejecit?</span> <span class='ocrx_word' id='word_1_124' title='bbox 697 2009 821 2054; x_wconf 87' lang='lat' dir='ltr'>novum</span> <span class='ocrx_word' id='word_1_125' title='bbox 847 1981 946 2053; x_wconf 91' lang='lat' dir='ltr'>credo</span> <span class='ocrx_word' id='word_1_126' title='bbox 965 1982 1113 2076; x_wconf 89' lang='lat' dir='ltr'>aliquid,-</span> 
     </span>
     <span class='ocr_line' id='line_1_20' title="bbox 188 2080 1104 2178; baseline 0 -25"><span class='ocrx_word' id='word_1_127' title='bbox 188 2081 438 2175; x_wconf 85' lang='lat' dir='ltr'>inufitatumque</span> <span class='ocrx_word' id='word_1_128' title='bbox 451 2081 565 2173; x_wconf 71' lang='lat' dir='ltr'>vidisti,</span> <span class='ocrx_word' id='word_1_129' title='bbox 617 2087 693 2168; x_wconf 88' lang='lat' dir='ltr'>Tu,</span> <span class='ocrx_word' id='word_1_130' title='bbox 717 2080 922 2154; x_wconf 88' lang='lat' dir='ltr'>fisortunam</span> <span class='ocrx_word' id='word_1_131' title='bbox 940 2102 1034 2178; x_wconf 90' lang='lat' dir='ltr'>putas</span> <span class='ocrx_word' id='word_1_132' title='bbox 1047 2105 1104 2153; x_wconf 87' lang='lat' dir='ltr'>er·</span> 
     </span>
     <span class='ocr_line' id='line_1_21' title="bbox 189 2177 1117 2273; baseline 0.002 -23"><span class='ocrx_word' id='word_1_133' title='bbox 189 2206 231 2273; x_wconf 82' lang='lat' dir='ltr'>ga</span> <span class='ocrx_word' id='word_1_134' title='bbox 246 2205 279 2250; x_wconf 89' lang='lat' dir='ltr'>te</span> <span class='ocrx_word' id='word_1_135' title='bbox 294 2177 356 2250; x_wconf 87' lang='lat' dir='ltr'>esse</span> <span class='ocrx_word' id='word_1_136' title='bbox 368 2202 540 2263; x_wconf 89' lang='lat' dir='ltr'>mutatam,</span> <span class='ocrx_word' id='word_1_137' title='bbox 565 2203 660 2248; x_wconf 86' lang='lat' dir='ltr'>erras.</span> <span class='ocrx_word' id='word_1_138' title='bbox 725 2185 775 2248; x_wconf 91' lang='lat' dir='ltr'>Hi</span> <span class='ocrx_word' id='word_1_139' title='bbox 790 2177 915 2273; x_wconf 88' lang='lat' dir='ltr'>semper</span> <span class='ocrx_word' id='word_1_140' title='bbox 936 2181 1004 2273; x_wconf 75' lang='lat' dir='ltr'>ejus</span> <span class='ocrx_word' id='word_1_141' title='bbox 1025 2204 1117 2263; x_wconf 82' lang='lat' dir='ltr'>mo·,</span> 
     </span>
     <span class='ocr_line' id='line_1_22' title="bbox 190 2273 1102 2375; baseline 0 -25"><span class='ocrx_word' id='word_1_142' title='bbox 190 2304 245 2353; x_wconf 84' lang='lat' dir='ltr'>res</span> <span class='ocrx_word' id='word_1_143' title='bbox 267 2275 357 2361; x_wconf 85' lang='lat' dir='ltr'>sunt;</span> <span class='ocrx_word' id='word_1_144' title='bbox 383 2280 460 2347; x_wconf 86' lang='lat' dir='ltr'>haee</span> <span class='ocrx_word' id='word_1_145' title='bbox 477 2300 592 2350; x_wconf 87' lang='lat' dir='ltr'>natura</span> <span class='ocrx_word' id='word_1_146' title='bbox 608 2273 663 2347; x_wconf 80' lang='lat' dir='ltr'>ess.</span> <span class='ocrx_word' id='word_1_147' title='bbox 711 2279 854 2346; x_wconf 82' lang='lat' dir='ltr'>Servavit</span> <span class='ocrx_word' id='word_1_148' title='bbox 869 2279 952 2346; x_wconf 88' lang='lat' dir='ltr'>circa</span> <span class='ocrx_word' id='word_1_149' title='bbox 967 2300 998 2348; x_wconf 88' lang='lat' dir='ltr'>te</span> <span class='ocrx_word' id='word_1_150' title='bbox 1019 2304 1102 2375; x_wconf 90' lang='lat' dir='ltr'>pro-</span> 
     </span>
     <span class='ocr_line' id='line_1_23' title="bbox 132 2369 1122 2475; baseline 0.004 -29"><span class='ocrx_word' id='word_1_151' title='bbox 132 2463 135 2472; x_wconf 22' lang='lat' dir='ltr'>v</span> <span class='ocrx_word' id='word_1_152' title='bbox 191 2381 299 2474; x_wconf 86' lang='lat' dir='ltr'>priam</span> <span class='ocrx_word' id='word_1_153' title='bbox 314 2377 422 2471; x_wconf 87' lang='lat' dir='ltr'>potius</span> <span class='ocrx_word' id='word_1_154' title='bbox 441 2380 474 2444; x_wconf 92' lang='lat' dir='ltr'>in</span> <span class='ocrx_word' id='word_1_155' title='bbox 491 2371 555 2475; x_wconf 89' lang='lat' dir='ltr'>ipsa</span> <span class='ocrx_word' id='word_1_156' title='bbox 576 2369 627 2445; x_wconf 90' lang='lat' dir='ltr'>sui.</span> <span class='ocrx_word' id='word_1_157' title='bbox 643 2371 851 2444; x_wconf 88' lang='lat' dir='ltr'>mutabilitate</span> <span class='ocrx_word' id='word_1_158' title='bbox 875 2372 1102 2457; x_wconf 84' lang='lat' dir='ltr'>constantiam.</span> <span class='ocrx_word' id='word_1_159' title='bbox 1117 2464 1122 2475; x_wconf 35' lang='grc' dir='ltr'>Ι</span> 
     </span>
     <span class='ocr_line' id='line_1_24' title="bbox 191 2469 1103 2566; baseline 0.004 -20"><span class='ocrx_word' id='word_1_160' title='bbox 191 2476 378 2557; x_wconf 80' lang='lat' dir='ltr'>Taliserat,</span> <span class='ocrx_word' id='word_1_161' title='bbox 403 2496 478 2566; x_wconf 89' lang='lat' dir='ltr'>cum</span> <span class='ocrx_word' id='word_1_162' title='bbox 491 2469 732 2559; x_wconf 79' lang='lat' dir='ltr'>blandiebatur,</span> <span class='ocrx_word' id='word_1_163' title='bbox 757 2497 831 2544; x_wconf 87' lang='lat' dir='ltr'>eum</span> <span class='ocrx_word' id='word_1_164' title='bbox 848 2474 906 2545; x_wconf 91' lang='lat' dir='ltr'>tibi</span> <span class='ocrx_word' id='word_1_165' title='bbox 922 2471 1016 2546; x_wconf 87' lang='lat' dir='ltr'>salsae</span> <span class='ocrx_word' id='word_1_166' title='bbox 1030 2479 1103 2555; x_wconf 72' lang='lat' dir='ltr'>ille·</span> 
     </span>
     <span class='ocr_line' id='line_1_25' title="bbox 191 2570 1103 2670; baseline -0.001 -23"><span class='ocrx_word' id='word_1_167' title='bbox 191 2575 298 2648; x_wconf 82' lang='lat' dir='ltr'>cebris</span> <span class='ocrx_word' id='word_1_168' title='bbox 324 2570 482 2646; x_wconf 82' lang='lat' dir='ltr'>felicitatis</span> <span class='ocrx_word' id='word_1_169' title='bbox 507 2572 675 2643; x_wconf 83' lang='lat' dir='ltr'>alluderet.</span> <span class='ocrx_word' id='word_1_170' title='bbox 737 2573 989 2670; x_wconf 88' lang='lat' dir='ltr'>Deprehendisti</span> <span class='ocrx_word' id='word_1_171' title='bbox 1013 2580 1103 2653; x_wconf 80' lang='lat' dir='ltr'>caeci</span> 
     </span>
     <span class='ocr_line' id='line_1_26' title="bbox 192 2670 1102 2770; baseline 0.003 -24"><span class='ocrx_word' id='word_1_172' title='bbox 192 2676 353 2747; x_wconf 90' lang='lat' dir='ltr'>Numinis</span> <span class='ocrx_word' id='word_1_173' title='bbox 370 2674 536 2765; x_wconf 83' lang='lat' dir='ltr'>ambiguos</span> <span class='ocrx_word' id='word_1_174' title='bbox 556 2671 673 2747; x_wconf 87' lang='lat' dir='ltr'>vultus.</span> <span class='ocrx_word' id='word_1_175' title='bbox 725 2675 818 2770; x_wconf 79' lang='lat' dir='ltr'>Quae</span> <span class='ocrx_word' id='word_1_176' title='bbox 830 2670 893 2746; x_wconf 87' lang='lat' dir='ltr'>sese</span> <span class='ocrx_word' id='word_1_177' title='bbox 914 2674 1018 2747; x_wconf 87' lang='lat' dir='ltr'>adhuc</span> <span class='ocrx_word' id='word_1_178' title='bbox 1044 2703 1102 2761; x_wconf 59' lang='lat' dir='ltr'>vef</span> 
     </span>
     <span class='ocr_line' id='line_1_27' title="bbox 193 2767 1103 2873; baseline 0.004 -26"><span class='ocrx_word' id='word_1_179' title='bbox 193 2775 338 2857; x_wconf 84' lang='lat' dir='ltr'>letaliis,</span> <span class='ocrx_word' id='word_1_180' title='bbox 363 2797 430 2844; x_wconf 89' lang='lat' dir='ltr'>tota</span> <span class='ocrx_word' id='word_1_181' title='bbox 452 2772 511 2844; x_wconf 90' lang='lat' dir='ltr'>tibi</span> <span class='ocrx_word' id='word_1_182' title='bbox 535 2767 666 2870; x_wconf 62' lang='lat' dir='ltr'>proesus</span> <span class='ocrx_word' id='word_1_183' title='bbox 684 2773 840 2848; x_wconf 92' lang='lat' dir='ltr'>innotuit.</span> <span class='ocrx_word' id='word_1_184' title='bbox 913 2777 945 2845; x_wconf 87' lang='lat' dir='ltr'>Si</span> <span class='ocrx_word' id='word_1_185' title='bbox 968 2775 1103 2873; x_wconf 84' lang='lat' dir='ltr'>probas,</span> 
     </span>
     <span class='ocr_line' id='line_1_28' title="bbox 195 2871 1105 2972; baseline 0.007 -27"><span class='ocrx_word' id='word_1_186' title='bbox 195 2872 456 2957; x_wconf 85' lang='lat' dir='ltr'>uteremoribus,</span> <span class='ocrx_word' id='word_1_187' title='bbox 480 2895 523 2942; x_wconf 92' lang='lat' dir='ltr'>ne</span> <span class='ocrx_word' id='word_1_188' title='bbox 538 2874 689 2968; x_wconf 86' lang='lat' dir='ltr'>queraris.</span> <span class='ocrx_word' id='word_1_189' title='bbox 736 2876 770 2943; x_wconf 89' lang='lat' dir='ltr'>Si</span> <span class='ocrx_word' id='word_1_190' title='bbox 784 2871 951 2970; x_wconf 80' lang='lat' dir='ltr'>perfidiam</span> <span class='ocrx_word' id='word_1_191' title='bbox 961 2879 1105 2972; x_wconf 59' lang='lat' dir='ltr'>perhorr</span> 
     </span>
     <span class='ocr_line' id='line_1_29' title="bbox 194 2968 1104 3071; baseline 0.01 -30"><span class='ocrx_word' id='word_1_192' title='bbox 194 2968 306 3071; x_wconf 75' lang='lat' dir='ltr'>rescia,</span> <span class='ocrx_word' id='word_1_193' title='bbox 331 2968 456 3069; x_wconf 88' lang='lat' dir='ltr'>sperne,</span> <span class='ocrx_word' id='word_1_194' title='bbox 479 2980 574 3071; x_wconf 82' lang='lat' dir='ltr'>atque</span> <span class='ocrx_word' id='word_1_195' title='bbox 589 2972 689 3068; x_wconf 82' lang='lat' dir='ltr'>abjice</span> <span class='ocrx_word' id='word_1_196' title='bbox 700 2970 878 3070; x_wconf 85' lang='lat' dir='ltr'>perniciose</span> <span class='ocrx_word' id='word_1_197' title='bbox 892 2975 1104 3071; x_wconf 69' lang='lat' dir='ltr'>alludentem,</span> 
     </span>
     <span class='ocr_line' id='line_1_30' title="bbox 194 3069 1102 3171; baseline 0.003 -28"><span class='ocrx_word' id='word_1_198' title='bbox 194 3076 286 3143; x_wconf 82' lang='lat' dir='ltr'>Nam</span> <span class='ocrx_word' id='word_1_199' title='bbox 315 3094 396 3167; x_wconf 87' lang='lat' dir='ltr'>quae</span> <span class='ocrx_word' id='word_1_200' title='bbox 426 3097 514 3145; x_wconf 86' lang='lat' dir='ltr'>nunc</span> <span class='ocrx_word' id='word_1_201' title='bbox 540 3075 700 3146; x_wconf 79' lang='lat' dir='ltr'>moetoris</span> <span class='ocrx_word' id='word_1_202' title='bbox 728 3073 787 3143; x_wconf 89' lang='lat' dir='ltr'>tibi</span> <span class='ocrx_word' id='word_1_203' title='bbox 812 3069 911 3145; x_wconf 81' lang='lat' dir='ltr'>caussa</span> <span class='ocrx_word' id='word_1_204' title='bbox 924 3079 1018 3163; x_wconf 82' lang='lat' dir='ltr'>‚tanti</span> <span class='ocrx_word' id='word_1_205' title='bbox 1042 3076 1102 3171; x_wconf 78' lang='lat' dir='ltr'>esi,</span> 
     </span>
     <span class='ocr_line' id='line_1_31' title="bbox 194 3168 1107 3275; baseline 0.011 -32"><span class='ocrx_word' id='word_1_206' title='bbox 194 3171 273 3243; x_wconf 85' lang='lat' dir='ltr'>haec</span> <span class='ocrx_word' id='word_1_207' title='bbox 292 3170 402 3242; x_wconf 84' lang='lat' dir='ltr'>eadem</span> <span class='ocrx_word' id='word_1_208' title='bbox 412 3173 647 3271; x_wconf 85' lang='lat' dir='ltr'>tranquillitatis</span> <span class='ocrx_word' id='word_1_209' title='bbox 662 3168 725 3245; x_wconf 88' lang='lat' dir='ltr'>esse</span> <span class='ocrx_word' id='word_1_210' title='bbox 737 3170 900 3259; x_wconf 74' lang='lat' dir='ltr'>debuisset</span> <span class='ocrx_word' id='word_1_211' title='bbox 951 3177 1107 3275; x_wconf 76' lang='lat' dir='ltr'>Reliquit·</span> 
     </span>
     <span class='ocr_line' id='line_1_32' title="bbox 194 3270 1103 3376; baseline 0.01 -36"><span class='ocrx_word' id='word_1_212' title='bbox 194 3275 284 3343; x_wconf 82' lang='lat' dir='ltr'>enirn</span> <span class='ocrx_word' id='word_1_213' title='bbox 299 3291 360 3356; x_wconf 46' lang='lat' dir='ltr'>tes</span> <span class='ocrx_word' id='word_1_214' title='bbox 391 3298 464 3345; x_wconf 89' lang='lat' dir='ltr'>uam</span> <span class='ocrx_word' id='word_1_215' title='bbox 477 3300 546 3349; x_wconf 91' lang='lat' dir='ltr'>non</span> <span class='ocrx_word' id='word_1_216' title='bbox 563 3270 748 3348; x_wconf 78' lang='lat' dir='ltr'>relisluram</span> <span class='ocrx_word' id='word_1_217' title='bbox 768 3298 867 3349; x_wconf 86' lang='lat' dir='ltr'>nemo</span> <span class='ocrx_word' id='word_1_218' title='bbox 880 3299 1026 3369; x_wconf 89' lang='lat' dir='ltr'>unquam</span> <span class='ocrx_word' id='word_1_219' title='bbox 1038 3304 1103 3376; x_wconf 46' lang='lat' dir='ltr'>poe</span> 
     </span>
     <span class='ocr_line' id='line_1_33' title="bbox 196 3296 1116 3475; baseline 0.003 -30"><span class='ocrx_word' id='word_1_220' title='bbox 196 3369 347 3448; x_wconf 81' lang='lat' dir='ltr'>teritelle</span> <span class='ocrx_word' id='word_1_221' title='bbox 363 3296 502 3457; x_wconf 69' lang='lat' dir='ltr'>securus.</span> <span class='ocrx_word' id='word_1_222' title='bbox 579 3381 633 3448; x_wconf 89' lang='lat' dir='ltr'>An</span> <span class='ocrx_word' id='word_1_223' title='bbox 654 3398 732 3448; x_wconf 82' lang='lat' dir='ltr'>vero</span> <span class='ocrx_word' id='word_1_224' title='bbox 755 3395 792 3458; x_wconf 80' lang='lat' dir='ltr'>tu</span> <span class='ocrx_word' id='word_1_225' title='bbox 813 3372 986 3475; x_wconf 80' lang='lat' dir='ltr'>pretiosam</span> <span class='ocrx_word' id='word_1_226' title='bbox 1008 3377 1116 3473; x_wconf 61' lang='lat' dir='ltr'>aestiz‘</span> 
     </span>
     <span class='ocr_line' id='line_1_34' title="bbox 202 3500 1100 3553; baseline 0.003 -3"><span class='ocrx_word' id='word_1_227' title='bbox 202 3500 206 3506; x_wconf 86' lang='lat'>·</span> <span class='ocrx_word' id='word_1_228' title='bbox 312 3502 316 3509; x_wconf 82' lang='grc'>’</span> <span class='ocrx_word' id='word_1_229' title='bbox 1026 3502 1100 3553; x_wconf 80' lang='lat' dir='ltr'>mas</span> 
     </span>
    </p>
   </div>
   <div class='ocr_carea' id='block_1_4' title="bbox 0 0 1156 3946">
    <p class='ocr_par' dir='ltr' id='par_1_4' title="bbox 0 0 1156 3946">
     <span class='ocr_line' id='line_1_35' title="bbox 0 0 1156 3946; baseline 0 0"><span class='ocrx_word' id='word_1_230' title='bbox 0 0 1156 3946; x_wconf 95' lang='lat' dir='ltr'> </span> 
     </span>
    </p>
   </div>
   <div class='ocr_carea' id='block_1_5' title="bbox 1135 248 1143 1185">
    <p class='ocr_par' dir='ltr' id='par_1_5' title="bbox 1135 248 1143 1185">
     <span class='ocr_line' id='line_1_36' title="bbox 1135 248 1143 1185; baseline 0 0"><span class='ocrx_word' id='word_1_231' title='bbox 1135 248 1143 1185; x_wconf 95' lang='lat' dir='ltr'> </span> 
     </span>
    </p>
   </div>
   <div class='ocr_carea' id='block_1_6' title="bbox 1132 1326 1146 3183">
    <p class='ocr_par' dir='ltr' id='par_1_6' title="bbox 1132 1326 1146 3183">
     <span class='ocr_line' id='line_1_37' title="bbox 1132 1326 1146 3183; baseline 0 0"><span class='ocrx_word' id='word_1_232' title='bbox 1132 1326 1146 3183; x_wconf 95' lang='lat' dir='ltr'> </span> 
     </span>
    </p>
   </div>
  </div>
 </body>
</html>
