2242 3952
91 186 198 273 33,
436 170 661 240 rrssn
758 158 767 165 ·

94 338 274 439 superbiam
295 335 461 411 consulum
486 294 722 408 vestriieterea
743 333 883 407 abolere
902 357 957 435 cup

95 466 188 516 runt·
216 446 270 536 qui
285 441 327 511 ob
343 442 478 529 eandem
503 434 680 533 superbiam
702 440 796 531 prius
818 441 949 529 regium

95 546 222 613 civitate
242 566 363 611 numen
376 539 575 612 abstulerant.
626 549 684 620 At,
703 532 902 631 siquando,
922 560 957 635 qu

98 667 268 742 perrarum
291 639 359 725 est,
387 639 498 736 probis
519 640 661 709 honores
686 632 884 707 deferantur
902 693 913 725 ,
934 660 957 735 q

97 746 191 813 ineis
208 740 309 825 aliud,
337 764 435 836 quam
448 738 589 836 probitas
600 741 779 818 utentium,
807 720 945 833 placeri

97 839 153 921 fit,
181 862 218 911 ut
238 866 305 910 non
321 839 493 911 virtutibus
507 865 544 909 ex
560 840 733 930 dignitate,
756 832 812 906 sed
829 841 954 911 virtute

98 939 276 1035 gnitatibus
298 941 406 1012 bonor
424 940 561 1011 accedat.
614 943 704 1036 Quae
724 960 805 1009 vero
831 935 883 1008 est
900 936 953 1009 ists

99 1038 163 1113 stra
183 1039 377 1138 expetibilis,
403 1064 439 1110 ac
462 1040 619 1137 praeclara
640 1032 817 1136 potentia?
845 1044 957 1111 Noun

102 1161 230 1212 terrena
246 1140 389 1210 animalia
402 1131 615 1222 confideraiis,
638 1139 756 1233 quibus
771 1136 957 1233 praesidere

102 1239 266 1311 deamini?
290 1246 377 1311 Nam
401 1237 423 1309 fi
447 1246 531 1311 inter
551 1263 661 1310 mures
682 1238 810 1308 videres
839 1266 948 1312 unum

102 1363 202 1435 quem
214 1341 265 1436 jus
280 1338 346 1424 sibi,
368 1366 404 1410 ac
416 1337 602 1437 potestatem
619 1363 694 1436 prae
708 1344 851 1410 caeteris
862 1344 957 1413 vindic

103 1459 191 1525 tem;
217 1462 342 1537 quanto
358 1444 536 1511 movereris
551 1433 734 1525 cachinno?
763 1443 866 1538 Quid
884 1466 956 1515 vero

102 1562 223 1635 corpus
239 1537 367 1637 spelles,
394 1539 583 1611 imbecillius
598 1542 733 1611 homine
746 1546 908 1637 reperire
920 1566 957 1639 qq

104 1662 189 1808 quos
204 1635 293 1736 saepe
307 1633 523 1710 musculorum
541 1665 671 1737 quoque
686 1640 734 1709 vel
750 1640 908 1728 morsus,
924 1666 957 1711 ro

12 1776 17 1787 ·
121 1762 223 1808 ecreta
240 1762 386 1833 quaeque
402 1743 596 1835 reptantium
609 1754 706 1810 'necat
728 1742 957 1837 introitule

105 1858 186 1906 vero
202 1834 368 1932 quisquam
382 1840 432 1933 jus
457 1840 586 1936 aliquod
608 1843 642 1910 in
670 1842 890 1935 quempiam,
909 1835 956 1912 nili

105 1930 211 2009 solum
224 1962 353 2033 corpus,
379 1961 411 2009 et
426 1939 514 2035 quod
529 1935 615 2011 infra
628 1962 748 2037 corpus
763 1936 831 2022 est,
862 1937 957 2028 ἔστω]

106 2036 235 2131 loquor,
262 2034 355 2131 poffit
369 2042 540 2109 exercere?
566 2044 661 2109 Num
678 2039 868 2133 quidquam
886 2064 957 2135 uuqi

106 2138 211 2207 libero
225 2136 401 2233 imperabis
415 2140 552 2208 animo?
578 2142 673 2205 Num
688 2160 840 2208 mentem
861 2139 957 2211 firm

105 2240 232 2308 ratione
248 2237 476 2307 cohaerentem
491 2237 532 2305 de
545 2233 625 2307 statu
635 2238 785 2332 propriae
800 2244 957 2331 quietist

108 2335 218 2404 vebis?
242 2340 325 2403 Cum
347 2333 487 2403 liberum
505 2335 666 2430 quendam
688 2337 793 2404 virum
810 2334 957 2439 supplici

109 2453 268 2528 tyrannus
284 2434 469 2503 adallurum
484 2456 623 2530 putaret,
648 2456 684 2504 ut
698 2431 871 2510 adversum
888 2436 957 2511 sefa

110 2531 346 2625 conjurationis
359 2529 502 2604 conscios
526 2537 696 2631 proderet,
721 2535 874 2626 linguam
891 2541 949 2611 ille

110 2635 234 2707 mordit
256 2656 350 2729 atque
367 2629 514 2720 abscidit,
527 2656 565 2704 et
588 2638 624 2705 in
640 2659 676 2706 os
699 2642 835 2730 tyranni
859 2635 957 2712 saevit

111 2733 248 2828 abjecit:
276 2737 318 2805 ita
335 2737 508 2819 cruciatus,
535 2760 616 2829 quos
636 2735 767 2831 putabat
783 2759 955 2831 tyrannus

111 2840 226 2911 teriam
240 2834 453 2916 crudelitatis,
478 2837 527 2904 vir
540 2831 661 2933 sapiens
680 2833 757 2907 fecit
769 2840 868 2908 etiam
888 2846 957 2913 virt

111 2934 207 3031 Quid
226 2955 334 3005 autem
351 2931 415 3017 est,
440 2935 530 3030 quod
551 2938 584 3005 in
608 2935 704 3005 alium
726 2935 897 3032 quisquam
927 2940 957 3013 fa

113 3029 233 3126 poffit,
259 3034 348 3128 quod
358 3028 511 3105 sustinere
523 3034 562 3113 ab
579 3036 640 3106 alio
655 3032 720 3133 ipse
734 3062 800 3108 non
815 3039 948 3134 podir?

114 3128 245 3226 liridem
255 3137 436 3231 accepimus
446 3160 558 3206 necare
574 3130 714 3232 hospites
728 3133 868 3226 solitum,
881 3143 929 3215 ab
946 3149 957 3214 l

114 3232 188 3311 eule
206 3227 331 3329 bospite
348 3229 443 3306 foille
456 3233 639 3311 malbatum.
664 3238 805 3329 Regulus
817 3242 957 3335 plures‘¹

50 3390 55 3401 .
115 3355 237 3419 norum
253 3331 337 3427 bello
345 3356 464 3434 captos
480 3337 516 3407 in
524 3335 653 3407 vincula.
661 3340 859 3433 conjecerat:
883 3340 953 3415 sed·

117 3426 184 3532 ipss
201 3428 375 3527 villorum.
393 3438 516 3527 eatenis
537 3462 649 3513 manus
665 3437 822 3537 praebuit.
844 3500 849 3507 .
877 3446 957 3516 Vllr

51 3562 57 3581 ¹
129 3602 150 3615 .,
492 3618 500 3641 1
536 3566 563 3619 „t
937 3549 957 3629 ii
