2242 3952
325 112 816 242 suovuova”
936 181 983 263 η

74 354 192 411 tamen
207 352 248 403 ne
263 351 295 399 te
310 321 463 399 miserum
476 318 648 401 existinlari
662 324 984 416 velis,an'numerum
1078 320 1081 327 ¹

74 433 284 526 modumque
300 451 372 497 tuae
385 421 543 515 felicitatis
557 423 676 494 oblitus
692 426 748 495 es?
773 429 881 498 Taceo
896 427 984 525 quod

74 528 262 603 desolatum
290 546 440 625 parente,
465 521 667 595 summorum
689 545 722 594 te
744 526 892 597 virorum
908 554 984 602 cura

74 628 243 729 suscepit,
287 622 492 721 dclellusque
524 627 560 694 in
585 619 770 695 affinitatem
798 629 985 727 principum

74 736 241 815 civitatis,
267 724 356 821 quod
380 719 635 823 pretiofillimunt
663 727 914 821 propinquitatis
932 753 986 822 ge·

77 857 149 903 nus
168 829 232 911 est,
257 831 347 923 prius
363 849 470 917 carus,
495 848 590 921 quarn
616 826 783 919 proximus
800 820 861 896 elle
884 826 1004 927 coepi·'

80 928 136 1003 sti.
175 931 270 1029 Qia
287 951 356 1011 non
385 948 416 999 te
442 919 657 997 feliciffimum
676 928 865 996 cumstanro
887 924 990 1025 splen·

83 1029 169 1100 <lore
184 1025 382 1107 socerorum,
406 1050 482 1097 cum
493 1023 642 1119 conjugis
667 1023 814 1120 pudore2
838 1047 909 1119 turn
925 1051 991 1100 ma·

85 1123 188 1200 sculae
211 1151 339 1224 quoque
363 1127 464 1223 prolis
497 1127 740 1222 opportunitate
771 1128 992 1222 praedicavit?

86 1231 257 1299 Praetereo
275 1227 364 1316 {libet
378 1229 468 1298 enirn
480 1225 653 1323 praeterire
663 1224 866 1322 conimunia)
876 1223 991 1298 sumtus

86 1328 123 1399 in
142 1325 347 1399 adolescentia
371 1322 495 1418 negatas
509 1320 635 1395 senibus
658 1323 844 1415 dignitates:
871 1327 910 1396 ad
931 1323 993 1398 sin·

89 1428 233 1519 gulareni
255 1426 412 1497 felicitatis
432 1447 505 1495 tuae
528 1421 702 1494 cumulum
723 1424 834 1521 venire
846 1422 995 1519 tlelestat.

89 1530 124 1598 si
140 1531 210 1622 quis
224 1551 333 1597 rerum
355 1516 688 1597 mortalium'frullus
704 1521 807 1593 ullum
826 1522 994 1607 beatitudi-

89 1631 141 1699 nis
156 1628 285 1725 pondus
308 1624 424 1708 habet,
445 1625 608 1721 poteritne
631 1621 714 1692 illius
738 1628 895 1696 memoria
915 1625 995 1695 lucis

75 1727 284 1825 ‚quantalibet
317 1725 543 1818 ingruentium
557 1720 725 1811 ¹malorum
755 1724 844 1794 mole
874 1724 995 1797 deleri?
1039 1798 1043 1823 Ι

90 1852 169 1899 cum
183 1828 264 1896 duos
278 1830 395 1922 pariter
410 1817 556 1897 consules
576 1819 694 1892 liberos
716 1843 790 1892 tuos
805 1816 904 1895 durno
921 1850 998 1921 pto·

95 1927 187 2006 vehi,
211 1921 268 1994 sub
288 1916 467 2020 frequentia
483 1938 631 2021 patrum,
657 1916 713 1992 sub
726 1919 828 2019 plebis
843 1924 998 1996 alacritate

96 2020 222 2108 vidilli;
248 2046 323 2091 curn
336 2022 455 2115 eidem
472 2023 611 2091 incuria
627 2020 755 2091 curules
779 2018 1000 2107 infidentibus,

97 2145 135 2194 tu
159 2124 266 2212 regiae
290 2120 389 2189 laudis
411 2121 686 2217 oratorQingenii
703 2119 856 2213 gloriam,
889 2118 998 2195 fecun-

96 2222 167 2292 diae
193 2244 235 2288 ue
252 2215 411 2290 meruisti:
451 2210 526 2313 cu'tn
548 2221 584 2291 in
604 2221 691 2290 circo
711 2218 852 2291 duorum
875 2223 1000 2295 medius

96 2246 490 2412 conpulumcircuntfusa'e
504 2317 718 2411 multitudinis
727 2316 1000 2419 exspeliationem,

98 2419 287 2516 triumphali
302 2418 472 2513 largitione
486 2415 606 2490 satiasti.
657 2416 799 2506 Dedisti,
820 2444 856 2493 ut
870 2428 1001 2523 opinor,

96 2519 196 2592 verba
208 2514 375 2606 fortunae,
401 2520 482 2591 dum
494 2540 526 2588 te
540 2518 592 2588 illa
605 2518 782 2612 demulcet,
808 2522 885 2595 duan
900 2548 941 2605 te,
965 2547 1002 2596 ut

93 2617 167 2695 suas
184 2619 317 2705 delicias,
340 2618 442 2693 fovet.
488 2622 632 2704 Munus,
652 2619 832 2714 quodnulli
845 2646 1004 2715 umquam

95 2724 226 2821 privato
251 2718 526 2803 commodaverat,
551 2714 712 2788 abstulisti.
769 2719 883 2799 ¹Visne
903 2721 1003 2810 igitur

96 2846 177 2893 cum
192 2817 323 2893 fortuna
338 2816 494 2887 calculum
508 2817 656 2912 ponere?
680 2818 784 2885 Nunc
809 2836 841 2886 te
858 2821 1005 2923 prinpum

96 2920 215 2995 liventi
236 2918 332 2989 oculo
347 2913 557 3014 praestrinxit.
609 2917 643 2986 Si
657 2936 844 3000 numerum,
855 2916 1006 2992 modum·

126 3047 169 3093 ue
202 3022 375 3100 laetorum,
408 3012 587 3107 tristiumve
613 3010 811 3104 consideret,
849 3018 952 3093 adhuc
972 3042 1005 3094 te

100 3047 234 3195 {licem
248 3143 364 3211 negare
377 3104 564 3217 'nonpoffia
597 3114 714 3216 ·Qod
728 3112 880 3211 fiirlcirco
889 3145 924 3213 ¹te
937 3116 1006 3193 for·

101 3245 257 3295 cunarum
273 3214 334 3290 elle
349 3245 420 3291 non
446 3212 629 3300 curtinas,⁶
654 3220 808 3314 quoniam
829 3230 909 3316 quae
930 3246 1008 3295 tunc

103 3323 186 3395 laeta
199 3319 404 3407 videbantur,
428 3319 591 3401 abierunt,
616 3343 685 3391 non
703 3315 851 3414 estquod
874 3345 905 3394 re
920 3320 984 3394 rnil
996 3366 1010 3383 ·

105 3448 186 3498 rum
201 3442 319 3523 putes3
339 3422 491 3521 quoniam
507 3442 585 3518 quae
599 3417 1011 3508 nuncnroestacredunrur‚
1116 3422 1120 3433 '

114 3552 145 3587 ·.
174 3552 194 3575 ··
227 3562 248 3611 'r
497 3590 510 3604 ,
881 3541 1030 3620 praetec-
