2242 3952
332 206 647 284 turnus
847 243 999 316 ης,

69 376 182 476 bilique
196 379 328 450 materia
344 373 524 476 perfeslte3
552 402 643 473 quas,
670 378 718 448 uti
732 377 803 476 poll
817 382 932 457 eadem
966 440 968 451 .

68 478 181 552 odente
189 483 341 574 cognovi,
356 474 417 548 suis
432 477 579 549 manibus
594 476 657 575 ipsa
672 504 820 553 tenuetur.
843 490 930 585 Qu.

69 607 99 651 tn
118 577 274 679 speciem,
300 578 399 650 veluti
412 575 551 650 fumosas
565 583 719 671 imagines
735 579 829 663 solet,
854 587 928 657 cali-

84 682 240 777 quaedam
265 676 426 770 neglectae
445 677 604 750 vetustatis
626 680 808 752 obduxerat.
857 688 924 757 Ha·

69 808 94 851 n
112 786 145 851 in
156 805 299 851 extremo
315 783 458 872 margine
469 788 506 857 Π
532 783 565 850 in
579 777 730 877 supremo
744 806 822 854 veto
832 792 865 860 Θ
879 786 921 854 le·

69 906 153 954 >atur
170 878 337 971 intextum.
390 886 499 976 Atque
526 879 774 977 interutrasque
795 884 926 983 litteras,

69 979 216 1050 scalarum
232 981 382 1065 modum,
403 981 822 1076 gradusquidam'instgniti
835 985 924 1054 vide·

69 1101 151 1165 ttur,
173 1080 287 1176 quibus
309 1082 347 1152 ab
369 1077 527 1151 inferiore
558 1081 595 1152 td
621 1080 766 1179 superius
786 1082 924 1154 elemen-

69 1178 177 1251 nellcr
199 1177 371 1256 adscensus.
423 1181 566 1251 Eandem
589 1204 697 1252 tamen
720 1176 836 1255 vellem
853 1187 920 1254 vio·

69 1303 179 1351 torum
198 1283 406 1377 quorundam
419 1276 574 1354 sciderant
582 1305 712 1367 manus,
735 1304 769 1353 et
780 1285 919 1379 particu-

69 1431 78 1462 ,
105 1402 180 1473 quas
194 1377 326 1477 quisque
347 1382 475 1476 potuit,
500 1378 700 1451 abstulerant.
755 1384 796 1450 Et
812 1381 920 1469 dexte÷

69 1479 193 1571 quidem
210 1480 276 1576 ejus
290 1480 413 1569 libellos
423 1534 439 1569 ,Ι
457 1478 620 1577 sceptrum
634 1504 711 1550 vero
724 1476 844 1550 finistra
862 1506 917 1572 gc·

69 1600 117 1653 ut.
170 1584 260 1680 Qute
278 1575 721 1680 ubipoeticasutulasvidit,
747 1577 917 1669 nolitoyasss
1010 1656 1012 1665 ,
1085 1632 1089 1641 -

69 1683 160 1749 :nteis
184 1704 275 1773 toro,
302 1677 491 1777 fletibusque
517 1684 598 1752 meis
620 1679 716 1751 verba
736 1676 919 1778 didtnteis,

69 1776 180 1848 nnoda
203 1779 380 1878 paulisper,
405 1808 439 1854 ac
460 1783 560 1852 torvis
578 1777 771 1851 inflammata
787 1781 917 1851 lumini·
1023 1836 1027 1859 .

70 1926 77 1942 .
128 1883 228 1975 Qus,
255 1885 378 1975 inquit,
404 1882 458 1951 has
479 1878 613 1951 scenicas
636 1882 853 1949 meretriculas
872 1877 916 1952 ad

69 1998 96 2043 tc
111 2000 243 2064 aegrum
262 1977 406 2070 perm'tfit
419 1981 591 2050 accedere?
608 2002 688 2072 quae
703 1978 830 2060 dolores
846 1978 916 2071 ejus

69 2098 76 2142 ι
93 2075 196 2143 modo
210 2075 307 2144 nullis
323 2073 473 2145 soverent
484 2076 654 2156 remedie,
684 2098 798 2163 verum
813 2076 915 2146 dulci·

79 2168 211 2268 insuper
228 2173 512 2242 aletentvenenis?
539 2177 613 2241 Hae
628 2167 701 2243 sunt
718 2175 817 2257 enim,
831 2199 915 2268 quae

71 2269 210 2342 uslunfis
235 2268 411 2343 affesluum
439 2267 562 2368 spinis,
588 2267 720 2367 uberem
749 2269 910 2344 fruslibus

69 2376 136 2442 nnis
151 2369 285 2463 segetem
300 2392 431 2454 necant,
456 2372 693 2466 hominumque
709 2378 844 2445 menteis
865 2369 912 2445 rs·-

69 2466 180 2543 r'aciunt
194 2472 321 2554 morbo,
347 2495 416 2543 non
431 2468 574 2542 liberant.
625 2480 669 2542 At
683 2470 705 2542 fi
715 2498 811 2568 quent
829 2500 906 2569 pto·

69 2598 127 2658 tm,
150 2578 198 2642 uti
213 2567 468 2665 vulgosolitum,
492 2570 587 2641 nobis
601 2568 770 2653 blanditiae
789 2570 907 2643 vestrae

71 2673 221 2757 uberent,
247 2678 358 2745 minus
383 2667 515 2742 moleste
542 2667 714 2742 serendum
742 2692 912 2764 putarem.-

69 2772 94 2841 ‚il
119 2776 240 2871 quippe
266 2777 300 2844 in
325 2798 366 2845 eo
390 2768 520 2843 nollrae
545 2793 663 2866 operae
691 2768 910 2847 laederentur„
1017 2818 1023 2827 x

69 2898 99 2943 tc
121 2898 199 2943 vero
215 2876 374 2958 Eleaticis,
399 2892 494 2965 atque
516 2869 717 2937 Academicis
735 2864 846 2936 studiis
860 2890 904 2939 at-

69 2969 110 3039 lis
127 2975 344 3049 innutritum?
370 2970 520 3045 Sedablte
530 2971 637 3063 potius
649 2966 905 3064 Scirenesusque

69 3072 182 3138 sitium
199 3071 323 3154 dulces,
344 3067 488 3166 meisque
506 3092 584 3138 eum
601 3064 702 3139 Mufis
718 3070 906 3142 curandum.

69 3167 234 3266 ndumque
250 3172 432 3266 relinquite.
484 3171 548 3240 His
561 3166 612 3237 ille
629 3169 748 3239 chorus
763 3172 903 3265 increpi-

88 3271 201 3368 dejecit
225 3273 319 3344 humi
342 3267 494 3343 mnestior
510 3268 650 3350 vultum,
673 3265 901 3365 consessusque

69 3395 115 3442 tre
140 3373 391 3463 verecundiam,
416 3371 515 3441 limen
545 3366 804 3446 trillisexcelstt.
856 3379 902 3440 At
949 3399 951 3403 ⁴

72 3471 168 3576 ¹cujus
184 3478 264 3551 acies
279 3472 430 3572 lacrymis
446 3466 548 3549 metst'
560 3473 716 3568 caligarat,
732 3494 774 3547 tte
788 3471 904 3559 dignu·

428 3577 511 3679 ,M
822 3564 966 3659 ism,
1057 3536 1060 3540 ⁸
