2242 3952
196 212 242 286 ψ
335 170 338 175 ¹
441 180 445 189 ⁸
526 177 752 254 LIBER
837 224 840 229 ·

188 359 253 456 jam
271 356 431 451 lacrymas.
482 351 645 425 Nondum
658 348 703 423 cst
721 370 826 423 unum
845 355 983 427 omneis

188 453 338 543 fortuna,
367 479 428 527 nec
447 454 505 526 tibi
528 456 664 525 nimium
687 452 786 525 valida
807 454 988 551 tempestas
1008 463 1015 477 '
1095 506 1099 517 ·

186 558 259 629 buit
265 582 274 644 ;
298 559 453 656 quoniam
468 578 591 627 tenaces
606 556 737 625 haerent
757 578 917 639 ancorae,
932 583 1019 655 quae
1092 570 1095 577 '

182 655 354 755 praesentis
369 653 522 742 solamen,
551 678 608 728 nec
623 650 728 727 futuri
746 650 835 752 spem
858 663 1025 758 temporis

183 754 245 828 effe
258 760 432 856 patiantur.
482 760 523 827 Et
537 758 703 842 haereant,
720 757 874 850 inquam,
892 782 1030 854 precor:

182 857 221 928 lis
240 883 379 955 namque
394 856 616 940 manentibus,
637 876 816 952 utcumque
828 850 860 925 se
874 881 932 928 res
947 860 1066 947 habeut·
1092 904 1095 913 ·

78 949 85 972 ⁸
181 959 410 1031 enarrabimus.
474 958 536 1030 Sed
562 979 719 1055 quantum
745 961 955 1031 ornamentis
975 988 1020 1034 no
1053 964 1059 979 '

179 1054 352 1140 desederit,
369 1056 465 1128 vides.
515 1062 557 1127 Et
570 1058 630 1148 ilia,
645 1057 885 1154 promovimus,
903 1061 1026 1158 inquit,
1109 1086 1111 1091 ·

179 1157 390 1252 quantulum,
412 1155 481 1228 sate
494 1157 642 1228 nondum
659 1159 758 1227 totius
777 1178 851 1226 tuae
877 1153 979 1235 sortis
993 1170 1025 1263 pi

179 1256 241 1328 Sed
250 1257 375 1327 delicias
383 1279 451 1327 tuas
458 1252 545 1327 ferre
560 1280 627 1328 non
639 1253 776 1352 poffum,
786 1260 843 1353 qui
850 1255 965 1332 abeiie
971 1262 1073 1361 aiiq'nid

177 1374 250 1426 tuae
266 1356 454 1429 beatitudini
472 1378 537 1428 tam
555 1353 734 1439 luctuosas,
753 1377 850 1451 atque
863 1365 988 1435 anxius
1011 1386 1073 1457 qm·

175 1461 335 1553 queraris:
383 1459 466 1557 Qtis
481 1452 526 1527 est
538 1459 627 1530 enim
643 1478 708 1527 tam
728 1453 937 1553 composttae
959 1458 1072 1537 feliun-
1102 1454 1109 1471 ’“

172 1560 231 1641 tis,
242 1578 281 1626 ut
293 1553 368 1629 'non
388 1560 491 1653 aliqua
502 1582 539 1628 ex
552 1578 643 1653 parte
656 1552 853 1655 cumr-status
868 1553 927 1631 sui
941 1564 1069 1663 qualine

170 1651 322 1724 rixetur?
348 1660 451 1726 Anxia
466 1658 554 1725 enim
567 1679 617 1726 tes
628 1651 676 1726 'est
690 1655 925 1730 humanorum
943 1664 1065 1735 conditio

171 1752 356 1845 bonorum,
374 1776 406 1825 et
435 1778 515 1850 quae
539 1754 588 1825 vel
609 1778 786 1851 numquam
806 1775 874 1826 tota
931 1763 1052 1843 tonuit.

170 1845 406 1950 velnumqttam
417 1876 574 1953 perpetua
584 1850 732 1929 subfistat.
785 1859 878 1926 Huic
909 1854 1060 1933 eniutetta·
1107 1860 1111 1871 '

168 1951 274 2041 berat,
299 1950 351 2026 sed
365 1949 410 2026 est
423 1956 543 2053 pudori
557 1953 697 2048 degener
713 1951 848 2047 sanguis.
904 1964 1008 2032 Hunc
1018 1970 1067 2031 nn·

163 2052 270 2126 'bilitas
288 2056 408 2129 notum¹
424 2053 516 2139 facit,
541 2053 595 2127 sed
611 2048 751 2144 angustia
774 2053 822 2122 rei
842 2047 1017 2131 familiaris
1031 2062 1071 2131 in·

165 2151 287 2240 clusus,
311 2151 373 2225 effe
389 2152 495 2225 mallet
507 2154 647 2245 ignotus.
699 2150 758 2221 Ille
771 2162 1071 2249 utroque-circuu-

165 2253 251 2324 fluus
266 2257 363 2322 vitam
377 2251 528 2333 caelibem
544 2251 650 2321 deflet.
703 2251 762 2319 Ille
781 2254 910 2345 nuptiis
927 2253 1017 2344 felix,
1028 2282 1071 2329 or·

162 2351 224 2424 bus
238 2349 365 2434 liberis,
389 2348 493 2419 alieno
509 2341 639 2419 'censum
662 2350 765 2417 nutrit
781 2348 927 2428 haeredi.
951 2394 957 2405 ·
987 2358 1074 2459 Alius

162 2449 257 2551 prole
269 2449 417 2536 laetatus,
441 2445 519 2530 filii,
552 2444 673 2516 filiaeve
705 2445 826 2518 deiiffls
841 2450 997 2527 moestus
1017 2458 1070 2529 iiie·
1098 2488 1101 2493 ·

161 2572 296 2645 erymat.
347 2549 474 2621 Idcirco
493 2572 592 2618 nemo
610 2543 702 2617 facile
725 2546 981 2627 cum-fortunae
1004 2552 1070 2629 suae

160 2651 350 2725 conditione
360 2648 552 2723 concordat.
599 2644 685 2718 Inest
698 2651 785 2719 enim
804 2646 962 2746 singulis,
984 2656 1069 2753 quod

159 2756 346 2850 inexpertus
371 2754 517 2844 ignoret,
541 2770 690 2845 expertus
717 2746 893 2822 exhorreat.
973 2746 1069 2831 -Addi
1105 2832 1108 2837 ,

158 2855 248 2949 quod
265 2850 432 2924 feliciffimi
454 2851 608 2946 cujusque
627 2845 857 2920 delicatiffimus
877 2846 989 2926 sensus
1017 2854 1068 2943 est,
1105 2876 1109 2885 “

159 2947 271 3038 et,nifi
285 2955 324 3021 ad
342 2973 460 3021 nutum
477 2946 592 3019 cunda
606 2946 794 3047 suppetant:
817 2953 1067 3063 Omnis'advep

106 3099 109 3103 =
155 3047 254 3122 stratis
274 3044 431 3137 insolens,
458 3050 601 3122 minimis
624 3049 804 3145 quibusque
825 3042 1068 3146 prosternitutt

155 3149 234 3221 adeo
250 3152 421 3247 perexigua
438 3143 527 3232 sunt,
555 3173 636 3244 quae
657 3146 909 3219 fortunatissimis
930 3151 1069 3229 baetim·

155 3249 240 3320 dinis
255 3246 410 3321 summam
426 3248 610 3327 detrahunt.
657 3252 764 3347 Quam
775 3250 893 3319 multos
906 3248 976 3326 ess‘e
988 3278 1067 3331 cone

153 3345 266 3445 jehias,
293 3352 349 3449 qui
364 3344 426 3419 sese
440 3346 532 3419 coelo
552 3350 720 3446 proximos
735 3346 952 3437 arbitrentur,
978 3354 1004 3427 fi
1027 3358 1066 3431 de

151 3444 304 3553 fortunae
317 3473 390 3529 tuae
403 3447 553 3550 reliquiis¹
566 3471 640 3547 pars
654 3451 700 3552 eis
716 3452 850 3526 minima
860 3454 1066 3552 ¹contingat?

995 3560 1065 3633 Hie
